3850 5342
531 143 552 185 b

446 430 690 521 Onorsrrs
719 434 1016 527 Servorum
1049 438 1094 518 B.
1114 439 1176 523 Μ.
1196 439 1248 520 V.
1390 465 1447 546 43

171 592 375 691 ,piretus
397 585 541 682 eli,.ut
567 586 675 685 super
700 584 906 686 exposuit,
931 582 1163 677 retrodare:
1191 608 1270 673 non
1297 604 1426 669 tamen
1452 584 1510 679 in·⁸

169 744 206 788 „‚
223 690 347 773 tendit
383 688 483 769 idern
510 687 703 769 Dominus
729 687 938 767 Vircarius·
953 714 1018 788 per
1054 688 1129 766 hoc
1154 686 1325 766 recedere
1362 688 1512 769 adislo

169 845 199 889 „
228 793 436 886 mandatu,
463 788 532 875 nist
557 811 741 890 quatenus
769 790 898 869 habita
922 790 1030 891 super
1057 788 1273 885 hujusmodi
1293 815 1332 866 re
1354 789 1512 888 diligen·

170 946 200 989 „
226 890 466 988 titraliatu,
489 893 537 971 de
561 917 639 992 quo
665 891 771 992 su'pra
795 892 943 973 abunde
971 889 1113 971 dilium
1140 890 1247 984 suit,
1273 890 1341 968 srbi
1368 889 1510 969 videbi·

169 1048 198 1090 ‚,
223 996 357 1074 tunde
383 994 482 1094 jure.
521 994 766 1079 Praesentibus
784 992 966 1081 'Domino
993 991 1191 1073 Francilco
1217 993 1263 1077 cle
1291 991 1513 1090 Strassoldo,

168 1143 196 1190 „
213 1096 258 1173 8(
284 1095 549 1197 ΕἈῑεκεηάτο
575 1095 620 1179 de
640 1094 807 1177 Filirinis
831 1094 1026 1177 Teslibus.

168 1244 197 1292 ‚,
240 1262 243 1267 ,
331 1206 457 1277 Tener
477 1218 600 1275 aetem
620 1192 888 1295 appellationis
900 1193 1089 1297 sequitur,
1114 1194 1164 1281 (8
1184 1198 1234 1298 est
1254 1189 1361 1281 talis.
1470 1188 1473 1201 ’

217 1352 245 1395 „
271 1300 416 1381 Coram
429 1298 550 1379 Vobis
570 1300 706 1379 Rever.
718 1302 834 1385 Donr
855 1298 977 1385 Bucio
997 1300 1044 1379 de
1056 1299 1238 1381 Palmulis
1259 1300 1514 1383 Decretorum

167 1449 196 1495 „
222 1400 391 1482 Dollore
411 1400 629 1481 Clariffimo
651 1402 831 1485 Viccario
862 1401 956 1483 Sede
979 1422 1141 1481 vacante
1178 1405 1233 1483 ln
1252 1399 1513 1483 Patrierchatu

163 1552 196 1597 „
220 1502 451 1602 Aquileiensi
477 1502 714 1605 dignissimo,
739 1504 815 1583 five
842 1528 970 1584 coram
993 1501 1291 1583 Praestantissimo
1317 1501 1396 1601 ejus
1423 1502 1516 1579 Sub

164 1650 193 1696 „
221 1601 374 1681 stituto:
400 1605 609 1702 Comparet
632 1606 844 1704 'Magnifica
865 1604 1137 1689 Communitns
1157 1603 1306 1698 Utini,
1332 1603 1406 1685 srve
1433 1601 1513 1696 ejus

161 1754 194 1796 „
221 1702 387 1801 legitimi
403 1768 407 1777 .
424 1705 683 1783 Intercellores
709 1706 817 1786 causa
837 1756 852 1800 ,
876 1707 913 1783 8(
933 1704 1127 1785 occasione
1153 1704 1344 1803 cujusdam
1366 1700 1515 1795 Edisti,

164 1854 195 1898 „
222 1802 260 1878 8(
296 1803 465 1882 medati
490 1805 592 1903 Jullu
619 1804 753 1883 Vellro
788 1804 990 1885 inssValvis
1016 1803 1190 1887 Ecclesiae
1213 1803 1372 1898 Maioris
1401 1799 1516 1885 Utini

162 1902 412 1999 „allixizlris
436 1903 692 2005 superioribus
716 1906 870 1999 diebus,
897 1905 934 1991 8(
961 1905 1008 1982 in
1029 1903 1127 1985 dilla
1151 1902 1319 1989 Ecclesia
1345 1902 1407 1987 die
1433 1903 1514 1983 Du·

31 2097 34 2105 .
163 2056 196 2100 n
220 2004 371 2083 minim
393 2030 515 2107 ”uper
540 2006 663 2106 elapso
689 2006 904 2106 Publium,
928 2008 975 2087 In
1001 2030 1079 2105 quo
1106 2004 1207 2085 inter
1232 2024 1375 2089 cetera,
1391 2000 1515 2103 prohi-

164 2156 193 2201 „
221 2107 360 2185 bentur
379 2106 525 2185 Christi
547 2107 696 2189 Fideles
722 2108 835 2208 hujus
855 2105 1040 2203 Dioecefis
1066 2105 1407 2207 Aquileiensissub
1435 2128 1512 2204 poe·

163 2259 202 2301 „
219 2231 267 2285 na
294 2206 489 2295 Interdil’ti
514 2208 556 2289 in
581 2208 819 2306 Universos,
855 2210 893 2287 8(
918 2206 1340 2293 Excommunicationis
1376 2205 1417 2289 in
1443 2203 1512 2285 srn·

165 2361 194 2402 „
222 2308 421 2406 gulis,.ne
447 2309 627 2391 accedant
653 2312 699 2391 ad
723 2313 939 2395 Tumulum
968 2313 1074 2395 bone
1100 2308 1293 2397 memoriae
1319 2307 1513 2409 quondam

166 2461 196 2503 „
222 2411 362 2491 Fratris
388 2411 663 2494 Eonaventurae
690 2414 848 2495 Ordinis
872 2414 1078 2495 Servorum
1104 2412 1146 2493 in
1171 2409 1338 2493 Ecclesia
1365 2407 1513 2491 Sanllo

116 2604 119 2611 .
159 2561 188 2604 „
215 2535 300 2588 rum
326 2513 511 2611 Jervalii,
547 2514 584 2593 8(
611 2515 765 2595 Protasri
791 2515 973 2599 turnulati
1000 2515 1070 2599 hac
1098 2513 1336 2595 hebdomada
1371 2532 1511 2608 magna

160 2662 189 2705 „
216 2636 335 2711 nuper
360 2612 546 2694 defundi.
574 2617 877 2718 Prohibeturque
902 2616 944 2697 in
971 2643 1019 2699 eo
1045 2643 1093 2701 ne
1119 2616 1166 2695 ad
1186 2613 1403 2695 Tumulunr
1430 2609 1510 2709 ejus

159 2758 190 2807 „
216 2736 338 2812 genua
363 2714 540 2812 dedant,
565 2719 770 2799 Candellas
796 2720 1028 2815 accendant,
1053 2718 1117 2799 vel
1143 2716 1217 2797 alia
1238 2736 1329 2797 vota
1349 2712 1511 2795 offerant

160 2863 191 2906 „
206 2816 427 2916 'Quousque
454 2844 476 2895 a
501 2819 595 2898 Sede
621 2820 840 2921 Apostolica
866 2820 987 2901 didius
1013 2821 1203 2921 quondam
1230 2820 1361 2898 Frater
1386 2816 1509 2895 bona-

158 2962 187 3008 „
215 2936 374 2996 ventura
400 2945 481 2998 non
506 2920 619 3000 luerit
650 2922 948 3017 Canonizatus,
983 2923 1046 3002 vel
1072 2920 1175 2999 aliud
1213 2916 1509 3019 superindilium

159 3064 189 3108 „
215 3015 439 3102 decretum:
477 3021 633 3121 Insuper
658 3022 701 3099 in
726 3047 774 3100 eo
800 3022 1015 3120 precipitur
1041 3019 1246 3114 Notariis,
1272 3039 1316 3095 ut
1340 3017 1368 3093 st
1393 3037 1508 3115 quam

156 3160 188 3211 Ἃ
215 3118 363 3197 Noram
385 3120 433 3198 de
460 3120 538 3219 ejus
564 3121 756 3218 quondam
776 3121 917 3201 Fratris
938 3121 1213 3203 Bonaventurae
1239 3116 1432 3195 miraculis
1459 3113 1508 3188 se·

156 3267 185 3308 „
211 3241 369 3315 cerunt,
393 3244 478 3298 earn
500 3220 620 3299 Vobis
639 3222 878 3320 prasentare,
904 3222 942 3300 8(
969 3222 1113 3301 tradere
1135 3239 1336 3303 teneantur
1357 3216 1425 3294 sub
1451 3237 1511 3293 ea·

157 3368 186 3412 „
214 3319 299 3397 dem
328 3344 439 3420 poena
461 3380 470 3398 .
497 3321 669 3401 Ulterius
694 3322 907 3425 iniungitur
931 3322 973 3402 in
1001 3348 1081 3420 eo,
1113 3342 1156 3403 ut
1183 3321 1251 3400 sub
1276 3318 1407 3399 eadem
1433 3315 1510 3403 Ex·

158 3468 186 3514 „
212 3423 572 3536 communicationis
594 3449 727 3524 poena,
756 3446 796 3507 ut
818 3445 1020 3509 teneantur
1040 3450 1197 3518 omnes,
1223 3421 1261 3499 8(
1286 3415 1422 3519 finguli
1440 3437 1509 3516 *pc*

160 3571 188 3614 „
215 3538 310 3615 tras,
334 3524 399 3604 seu
424 3525 535 3605 frusta
554 3526 721 3627 Cuppae,
746 3527 808 3608 vel
828 3526 1037 3622 Carnieae,
1063 3528 1126 3607 vel
1153 3543 1298 3625 partem
1325 3520 1512 3622 pillorunr

155 3664 187 3716 ·„
214 3624 336 3704 barbae
373 3626 538 3727 ejusdem
563 3630 755 3729 quondam
782 3630 922 3733 Fratris
947 3630 1223 3731 Bonaventurae
1249 3623 1275 3701 sr
1301 3646 1416 3723 quant
1453 3642 1511 3698 ac·

159 3774 187 3817 „
208 3748 418 3826 ceperunt,
443 3729 590 3830 integre
617 3730 834 3831 consignare
859 3731 1063 3811 detrudere
1085 3728 1161 3807 five
1183 3724 1329 3822 Vobis,
1354 3722 1512 3803 svveRe-

161 3875 187 3919 „
215 3830 367 3935 verend.
385 3831 558 3911 Domino
580 3833 740 3913 Decano
765 3831 941 3913 Utinensr
967 3830 1043 3910 fine
1070 3830 1197 3930 aliqua
1222 3823 1512 3915 reservatione,

161 3975 188 4015 n
215 3930 300 4044 Irno
325 3930 353 4008 fi
377 3932 445 4032 qui
469 3932 594 4012 sciunt
619 3933 737 4013 diuis
762 3958 856 4029 res,
881 3933 945 4013 vel
971 3952 1117 4033 partem
1144 3955 1274 4029 earum
1301 3926 1372 4006 esse
1398 3945 1512 4024 penes

162 4073 189 4116 n
215 4031 380 4138 aliquem
406 4050 608 4114 teneantur
633 4035 746 4115 illurn
772 4035 956 4114 revellare
982 4035 1051 4115 sub
1071 4030 1169 4111 diua
1196 4055 1331 4131 poena,
1358 4025 1420 4102 vel
1442 4046 1510 4121 pro

162 4175 189 4218 a
214 4146 256 4240 ut
268 4150 309 4204 ιιι
320 4134 522 4226 mandato,
546 4137 754 4233 selino,
780 4137 825 4216 ad
850 4136 953 4237 quod
972 4134 1156 4215 habeatur
1167 4130 1300 4212 relatio
1313 4130 1512 4223 lmpugna·

163 4275 190 4319 „
215 4245 295 4306 trve
321 4249 450 4308 tamen
474 4230 515 4311 in
538 4260 664 4335 parte,
680 4239 726 4317 8(
753 4238 921 4339 partibus
941 4235 1080 4319 dietam
1090 4228 1445 4315 Communitatem,
1470 4219 1510 4297 8(

162 4376 190 4420 aa
215 4327 292 4440 elus
328 4332 516 4432 Populum
552 4330 863 4421 offendentibus:
900 4343 948 4417 In
976 4361 1079 4438 purte
1107 4362 1232 4428 veru,
1267 4330 1304 4405 8(
1341 4322 1509 4422 parribus

160 4477 191 4522 „
215 4454 293 4528 epus
303 4430 472 4512 savorem
484 4434 803 4515 concernentibus
812 4438 1127 4607 (ωρίἓκῐνξιῑῑ
1149 4428 1242 4511 dicit
1268 4422 1508 4607 dillaffm„

1320 4577 1350 4622 22
1442 4568 1457 4587 ⁸
