<?xml version="1.0" encoding="UTF-8"?>
<!DOCTYPE html PUBLIC "-//W3C//DTD XHTML 1.0 Transitional//EN"
    "http://www.w3.org/TR/xhtml1/DTD/xhtml1-transitional.dtd">
<html xmlns="http://www.w3.org/1999/xhtml" xml:lang="en" lang="en">
 <head>
  <title>
</title>
<meta http-equiv="Content-Type" content="text/html;charset=utf-8" />
  <meta name='ocr-system' content='tesseract 3.04.00' />
  <meta name='ocr-capabilities' content='ocr_page ocr_carea ocr_par ocr_line ocrx_word'/>
</head>
<body>
  <div class='ocr_page' id='page_1' title='image "./ecclesiaeveneta01unkngoog/ecclesiaeveneta01unkngoog_0073.png"; bbox 0 0 3850 5342; ppageno 0'>
   <div class='ocr_carea' id='block_1_1' title="bbox 411 365 1410 490">
    <p class='ocr_par' dir='ltr' id='par_1_1' title="bbox 411 365 1410 490">
     <span class='ocr_line' id='line_1_1' title="bbox 411 365 1410 490; baseline 0.017 -40"><span class='ocrx_word' id='word_1_1' title='bbox 411 366 654 454; x_wconf 80' lang='lat' dir='ltr'>Oxotiiis</span> <span class='ocrx_word' id='word_1_2' title='bbox 682 365 981 453; x_wconf 78' lang='lat' dir='ltr'>Senvonuu</span> <span class='ocrx_word' id='word_1_3' title='bbox 1013 373 1058 454; x_wconf 89' lang='grc' dir='ltr'>Β.</span> <span class='ocrx_word' id='word_1_4' title='bbox 1077 372 1139 457; x_wconf 90' lang='grc' dir='ltr'>Μ.</span> <span class='ocrx_word' id='word_1_5' title='bbox 1160 374 1211 456; x_wconf 86' lang='lat' dir='ltr'>V.</span> <span class='ocrx_word' id='word_1_6' title='bbox 1341 400 1410 490; x_wconf 65' lang='lat'>&#39;55</span> 
     </span>
    </p>
   </div>
   <div class='ocr_carea' id='block_1_2' title="bbox 79 517 1535 3561">
    <p class='ocr_par' dir='ltr' id='par_1_2' title="bbox 79 517 1535 3561">
     <span class='ocr_line' id='line_1_2' title="bbox 136 517 1478 632; baseline -0.004 -25"><span class='ocrx_word' id='word_1_7' title='bbox 136 528 234 632; x_wconf 87' lang='lat' dir='ltr'>quod</span> <span class='ocrx_word' id='word_1_8' title='bbox 261 521 328 628; x_wconf 82' lang='lat' dir='ltr'>ipsi</span> <span class='ocrx_word' id='word_1_9' title='bbox 353 519 514 602; x_wconf 75' lang='lat' dir='ltr'>familiar</span> <span class='ocrx_word' id='word_1_10' title='bbox 537 521 667 600; x_wconf 80' lang='lat' dir='ltr'>exules</span> <span class='ocrx_word' id='word_1_11' title='bbox 701 542 791 597; x_wconf 90' lang='lat' dir='ltr'>cum</span> <span class='ocrx_word' id='word_1_12' title='bbox 818 517 864 597; x_wconf 84' lang='lat' dir='ltr'>iis</span> <span class='ocrx_word' id='word_1_13' title='bbox 898 519 1132 600; x_wconf 84' lang='lat' dir='ltr'>confundant</span> <span class='ocrx_word' id='word_1_14' title='bbox 1154 546 1239 623; x_wconf 82' lang='lat' dir='ltr'>quae</span> <span class='ocrx_word' id='word_1_15' title='bbox 1265 522 1350 604; x_wconf 86' lang='lat' dir='ltr'>aliis</span> <span class='ocrx_word' id='word_1_16' title='bbox 1381 545 1478 610; x_wconf 79' lang='lat' dir='ltr'>tem..</span> 
     </span>
     <span class='ocr_line' id='line_1_3' title="bbox 136 619 1477 734; baseline -0.002 -24"><span class='ocrx_word' id='word_1_17' title='bbox 136 630 285 734; x_wconf 86' lang='lat' dir='ltr'>poribus</span> <span class='ocrx_word' id='word_1_18' title='bbox 306 623 484 704; x_wconf 76' lang='lat' dir='ltr'>Venetiae</span> <span class='ocrx_word' id='word_1_19' title='bbox 507 640 692 703; x_wconf 88' lang='lat' dir='ltr'>venerunt</span> <span class='ocrx_word' id='word_1_20' title='bbox 713 619 811 702; x_wconf 86' lang='lat' dir='ltr'>lucii</span> <span class='ocrx_word' id='word_1_21' title='bbox 832 620 1101 724; x_wconf 81' lang='lat' dir='ltr'>&amp;compendii</span> <span class='ocrx_word' id='word_1_22' title='bbox 1122 623 1262 723; x_wconf 86' lang='lat' dir='ltr'>gratia.</span> <span class='ocrx_word' id='word_1_23' title='bbox 1288 627 1477 727; x_wconf 80' lang='lat' dir='ltr'>Quadam</span> 
     </span>
     <span class='ocr_line' id='line_1_4' title="bbox 134 723 1535 828; baseline 0.004 -19"><span class='ocrx_word' id='word_1_24' title='bbox 134 730 238 810; x_wconf 84' lang='lat' dir='ltr'>enim</span> <span class='ocrx_word' id='word_1_25' title='bbox 262 726 398 808; x_wconf 84' lang='lat' dir='ltr'>eodem</span> <span class='ocrx_word' id='word_1_26' title='bbox 423 725 570 828; x_wconf 81' lang='lat' dir='ltr'>prorsus</span> <span class='ocrx_word' id='word_1_27' title='bbox 591 744 765 824; x_wconf 86' lang='lat' dir='ltr'>tempore</span> <span class='ocrx_word' id='word_1_28' title='bbox 788 723 949 803; x_wconf 88' lang='lat' dir='ltr'>domum</span> <span class='ocrx_word' id='word_1_29' title='bbox 972 724 1146 803; x_wconf 85' lang='lat' dir='ltr'>Venetiis</span> <span class='ocrx_word' id='word_1_30' title='bbox 1167 750 1270 827; x_wconf 84' lang='lat' dir='ltr'>aeque</span> <span class='ocrx_word' id='word_1_31' title='bbox 1295 753 1341 807; x_wconf 89' lang='lat' dir='ltr'>ac</span> <span class='ocrx_word' id='word_1_32' title='bbox 1360 728 1475 814; x_wconf 77' lang='lat' dir='ltr'>Luca</span> <span class='ocrx_word' id='word_1_33' title='bbox 1533 739 1535 743; x_wconf 80' lang='grc'><strong>’</strong></span> 
     </span>
     <span class='ocr_line' id='line_1_5' title="bbox 139 824 1480 928; baseline -0.001 -18"><span class='ocrx_word' id='word_1_34' title='bbox 139 831 375 926; x_wconf 85' lang='lat' dir='ltr'>habuerunt,</span> <span class='ocrx_word' id='word_1_35' title='bbox 395 827 437 906; x_wconf 91' lang='grc'>8(</span> <span class='ocrx_word' id='word_1_36' title='bbox 457 827 572 905; x_wconf 86' lang='lat' dir='ltr'>modo</span> <span class='ocrx_word' id='word_1_37' title='bbox 588 824 655 905; x_wconf 88' lang='lat' dir='ltr'>hic</span> <span class='ocrx_word' id='word_1_38' title='bbox 674 824 862 926; x_wconf 85' lang='lat' dir='ltr'>degebant</span> <span class='ocrx_word' id='word_1_39' title='bbox 879 825 998 905; x_wconf 90' lang='lat' dir='ltr'>modo</span> <span class='ocrx_word' id='word_1_40' title='bbox 1015 824 1123 922; x_wconf 87' lang='lat' dir='ltr'>illic,</span> <span class='ocrx_word' id='word_1_41' title='bbox 1137 825 1415 928; x_wconf 79' lang='lat' dir='ltr'>proutsamiliae</span> <span class='ocrx_word' id='word_1_42' title='bbox 1437 833 1480 913; x_wconf 74' lang='grc'>8(</span> 
     </span>
     <span class='ocr_line' id='line_1_6' title="bbox 135 926 1478 1033; baseline 0 -22"><span class='ocrx_word' id='word_1_43' title='bbox 135 957 263 1012; x_wconf 87' lang='lat' dir='ltr'>retum</span> <span class='ocrx_word' id='word_1_44' title='bbox 287 929 459 1011; x_wconf 85' lang='lat' dir='ltr'>conditio</span> <span class='ocrx_word' id='word_1_45' title='bbox 479 929 675 1029; x_wconf 77' lang='lat' dir='ltr'>exigebat.</span> <span class='ocrx_word' id='word_1_46' title='bbox 701 926 808 1028; x_wconf 79' lang='lat' dir='ltr'>Quid</span> <span class='ocrx_word' id='word_1_47' title='bbox 825 928 925 1029; x_wconf 90' lang='lat' dir='ltr'>quod</span> <span class='ocrx_word' id='word_1_48' title='bbox 947 927 1140 1007; x_wconf 86' lang='lat' dir='ltr'>interdum</span> <span class='ocrx_word' id='word_1_49' title='bbox 1160 929 1333 1008; x_wconf 83' lang='lat' dir='ltr'>Venetiis</span> <span class='ocrx_word' id='word_1_50' title='bbox 1349 930 1394 1009; x_wconf 92' lang='lat' dir='ltr'>in</span> <span class='ocrx_word' id='word_1_51' title='bbox 1413 958 1478 1033; x_wconf 89' lang='lat' dir='ltr'>pa·</span> 
     </span>
     <span class='ocr_line' id='line_1_7' title="bbox 134 1027 1476 1133; baseline 0 -22"><span class='ocrx_word' id='word_1_52' title='bbox 134 1032 245 1111; x_wconf 88' lang='lat' dir='ltr'>triam</span> <span class='ocrx_word' id='word_1_53' title='bbox 279 1033 499 1112; x_wconf 85' lang='lat' dir='ltr'>remeabant</span> <span class='ocrx_word' id='word_1_54' title='bbox 537 1052 579 1109; x_wconf 90' lang='lat' dir='ltr'>ut</span> <span class='ocrx_word' id='word_1_55' title='bbox 613 1027 766 1131; x_wconf 90' lang='lat' dir='ltr'>publica</span> <span class='ocrx_word' id='word_1_56' title='bbox 794 1028 1029 1131; x_wconf 80' lang='lat' dir='ltr'>Reipublicae</span> <span class='ocrx_word' id='word_1_57' title='bbox 1065 1030 1137 1109; x_wconf 84' lang='lat' dir='ltr'>suae</span> <span class='ocrx_word' id='word_1_58' title='bbox 1163 1030 1295 1109; x_wconf 86' lang='lat' dir='ltr'>munia</span> <span class='ocrx_word' id='word_1_59' title='bbox 1320 1032 1368 1109; x_wconf 91' lang='lat' dir='ltr'>ad</span> <span class='ocrx_word' id='word_1_60' title='bbox 1391 1058 1476 1133; x_wconf 77' lang='lat' dir='ltr'>qua</span> 
     </span>
     <span class='ocr_line' id='line_1_8' title="bbox 138 1128 1477 1236; baseline 0.003 -27"><span class='ocrx_word' id='word_1_61' title='bbox 138 1133 198 1211; x_wconf 91' lang='lat' dir='ltr'>vel</span> <span class='ocrx_word' id='word_1_62' title='bbox 209 1133 378 1215; x_wconf 85' lang='lat' dir='ltr'>absentes</span> <span class='ocrx_word' id='word_1_63' title='bbox 390 1128 815 1212; x_wconf 84' lang='lat' dir='ltr'>assumebanturstatuto</span> <span class='ocrx_word' id='word_1_64' title='bbox 824 1151 997 1236; x_wconf 84' lang='lat' dir='ltr'>tempore</span> <span class='ocrx_word' id='word_1_65' title='bbox 1011 1130 1193 1233; x_wconf 83' lang='lat' dir='ltr'>obirent,</span> <span class='ocrx_word' id='word_1_66' title='bbox 1213 1132 1256 1212; x_wconf 99' lang='grc'>8(</span> <span class='ocrx_word' id='word_1_67' title='bbox 1275 1130 1422 1212; x_wconf 87' lang='lat' dir='ltr'>rursum</span> <span class='ocrx_word' id='word_1_68' title='bbox 1438 1134 1477 1213; x_wconf 85' lang='lat' dir='ltr'>se</span> 
     </span>
     <span class='ocr_line' id='line_1_9' title="bbox 135 1233 1512 1316; baseline -0.001 -5"><span class='ocrx_word' id='word_1_69' title='bbox 135 1233 170 1314; x_wconf 88' lang='lat' dir='ltr'>se</span> <span class='ocrx_word' id='word_1_70' title='bbox 192 1234 373 1316; x_wconf 78' lang='lat' dir='ltr'>Venetiae</span> <span class='ocrx_word' id='word_1_71' title='bbox 394 1233 669 1315; x_wconf 83' lang='lat' dir='ltr'>conserebant?</span> <span class='ocrx_word' id='word_1_72' title='bbox 797 1288 801 1295; x_wconf 78' lang='lat'><em>,</em></span> <span class='ocrx_word' id='word_1_73' title='bbox 1479 1237 1512 1287; x_wconf 82' lang='lat'>·&#39;</span> 
     </span>
     <span class='ocr_line' id='line_1_10' title="bbox 79 1335 1482 1439; baseline 0.004 -28"><span class='ocrx_word' id='word_1_74' title='bbox 79 1400 81 1411; x_wconf 32' lang='lat' dir='ltr'>i</span> <span class='ocrx_word' id='word_1_75' title='bbox 182 1335 571 1437; x_wconf 82' lang='lat' dir='ltr'>lgiturcircaannum</span> <span class='ocrx_word' id='word_1_76' title='bbox 594 1362 702 1439; x_wconf 81' lang='lat'>1317.</span> <span class='ocrx_word' id='word_1_77' title='bbox 729 1337 775 1415; x_wconf 92' lang='lat' dir='ltr'>ad</span> <span class='ocrx_word' id='word_1_78' title='bbox 796 1360 909 1438; x_wconf 89' lang='lat' dir='ltr'>quem</span> <span class='ocrx_word' id='word_1_79' title='bbox 934 1336 1111 1439; x_wconf 86' lang='lat' dir='ltr'>proxime</span> <span class='ocrx_word' id='word_1_80' title='bbox 1133 1335 1482 1417; x_wconf 69' lang='lat' dir='ltr'>referunturex010</span> 
     </span>
     <span class='ocr_line' id='line_1_11' title="bbox 131 1433 1492 1538; baseline 0.003 -25"><span class='ocrx_word' id='word_1_81' title='bbox 131 1433 194 1515; x_wconf 91' lang='lat' dir='ltr'>dia</span> <span class='ocrx_word' id='word_1_82' title='bbox 219 1435 452 1517; x_wconf 81' lang='lat' dir='ltr'>fiindationis</span> <span class='ocrx_word' id='word_1_83' title='bbox 473 1439 658 1518; x_wconf 88' lang='lat' dir='ltr'>Coenobii</span> <span class='ocrx_word' id='word_1_84' title='bbox 686 1437 819 1538; x_wconf 79' lang='lat' dir='ltr'>hujm,</span> <span class='ocrx_word' id='word_1_85' title='bbox 845 1439 1042 1518; x_wconf 87' lang='lat' dir='ltr'>invenitur</span> <span class='ocrx_word' id='word_1_86' title='bbox 1069 1439 1109 1517; x_wconf 92' lang='lat' dir='ltr'>in</span> <span class='ocrx_word' id='word_1_87' title='bbox 1134 1439 1279 1518; x_wconf 84' lang='lat' dir='ltr'>schedis</span> <span class='ocrx_word' id='word_1_88' title='bbox 1305 1437 1492 1520; x_wconf 71' lang='lat' dir='ltr'>domesti-v</span> 
     </span>
     <span class='ocr_line' id='line_1_12' title="bbox 133 1537 1480 1636; baseline 0.001 -21"><span class='ocrx_word' id='word_1_89' title='bbox 133 1537 190 1616; x_wconf 84' lang='lat' dir='ltr'>cis</span> <span class='ocrx_word' id='word_1_90' title='bbox 215 1540 363 1619; x_wconf 85' lang='lat' dir='ltr'>mentio</span> <span class='ocrx_word' id='word_1_91' title='bbox 384 1538 525 1636; x_wconf 73' lang='lat' dir='ltr'>injebla</span> <span class='ocrx_word' id='word_1_92' title='bbox 545 1539 770 1618; x_wconf 83' lang='lat' dir='ltr'>Lucenfium</span> <span class='ocrx_word' id='word_1_93' title='bbox 795 1565 886 1619; x_wconf 92' lang='lat' dir='ltr'>cum</span> <span class='ocrx_word' id='word_1_94' title='bbox 910 1540 1073 1620; x_wconf 85' lang='lat' dir='ltr'>solemni</span> <span class='ocrx_word' id='word_1_95' title='bbox 1105 1541 1323 1620; x_wconf 78' lang='lat' dir='ltr'>Dominicae</span> <span class='ocrx_word' id='word_1_96' title='bbox 1344 1540 1480 1619; x_wconf 83' lang='lat' dir='ltr'>Resur-</span> 
     </span>
     <span class='ocr_line' id='line_1_13' title="bbox 134 1636 1484 1742; baseline 0.002 -27"><span class='ocrx_word' id='word_1_97' title='bbox 134 1636 315 1718; x_wconf 65' lang='lat' dir='ltr'>rectionis</span> <span class='ocrx_word' id='word_1_98' title='bbox 337 1639 399 1717; x_wconf 89' lang='lat' dir='ltr'>die</span> <span class='ocrx_word' id='word_1_99' title='bbox 411 1639 626 1717; x_wconf 86' lang='lat' dir='ltr'>Paschalem</span> <span class='ocrx_word' id='word_1_100' title='bbox 640 1645 801 1738; x_wconf 77' lang='lat' dir='ltr'>Agrium.</span> <span class='ocrx_word' id='word_1_101' title='bbox 815 1666 893 1717; x_wconf 87' lang='lat' dir='ltr'>una</span> <span class='ocrx_word' id='word_1_102' title='bbox 917 1667 1007 1719; x_wconf 89' lang='lat' dir='ltr'>cum</span> <span class='ocrx_word' id='word_1_103' title='bbox 1029 1640 1211 1742; x_wconf 82' lang='lat' dir='ltr'>religiosis</span> <span class='ocrx_word' id='word_1_104' title='bbox 1226 1642 1484 1720; x_wconf 88' lang='lat' dir='ltr'>comedebant</span> 
     </span>
     <span class='ocr_line' id='line_1_14' title="bbox 132 1737 1483 1852; baseline 0.003 -39"><span class='ocrx_word' id='word_1_105' title='bbox 132 1737 207 1852; x_wconf 73' lang='lat' dir='ltr'>(a)</span> <span class='ocrx_word' id='word_1_106' title='bbox 232 1739 274 1816; x_wconf 89' lang='grc'>8(</span> <span class='ocrx_word' id='word_1_107' title='bbox 293 1737 400 1817; x_wconf 83' lang='lat' dir='ltr'>Festa</span> <span class='ocrx_word' id='word_1_108' title='bbox 425 1760 510 1817; x_wconf 92' lang='lat' dir='ltr'>tum</span> <span class='ocrx_word' id='word_1_109' title='bbox 530 1740 717 1840; x_wconf 88' lang='lat' dir='ltr'>Corporis</span> <span class='ocrx_word' id='word_1_110' title='bbox 739 1738 883 1818; x_wconf 84' lang='lat' dir='ltr'>Christi</span> <span class='ocrx_word' id='word_1_111' title='bbox 912 1760 994 1818; x_wconf 93' lang='lat' dir='ltr'>tum</span> <span class='ocrx_word' id='word_1_112' title='bbox 1016 1740 1268 1819; x_wconf 84' lang='lat' dir='ltr'>Exaltationis</span> <span class='ocrx_word' id='word_1_113' title='bbox 1295 1740 1483 1819; x_wconf 60' lang='lat' dir='ltr'>&amp;Crucis</span> 
     </span>
     <span class='ocr_line' id='line_1_15' title="bbox 138 1836 1481 1939; baseline 0 -24"><span class='ocrx_word' id='word_1_114' title='bbox 138 1863 179 1915; x_wconf 89' lang='lat' dir='ltr'>in</span> <span class='ocrx_word' id='word_1_115' title='bbox 203 1836 374 1939; x_wconf 83' lang='lat' dir='ltr'>Templo</span> <span class='ocrx_word' id='word_1_116' title='bbox 396 1842 663 1919; x_wconf 86' lang='lat' dir='ltr'>celebrabant.</span> <span class='ocrx_word' id='word_1_117' title='bbox 689 1842 783 1919; x_wconf 80' lang='lat' dir='ltr'>Hac</span> <span class='ocrx_word' id='word_1_118' title='bbox 804 1840 1030 1920; x_wconf 72' lang='lat' dir='ltr'>Lunensium</span> <span class='ocrx_word' id='word_1_119' title='bbox 1053 1840 1151 1919; x_wconf 70' lang='lat' dir='ltr'>ardla</span> <span class='ocrx_word' id='word_1_120' title='bbox 1170 1840 1272 1919; x_wconf 89' lang='lat' dir='ltr'>inter</span> <span class='ocrx_word' id='word_1_121' title='bbox 1291 1841 1329 1917; x_wconf 84' lang='lat' dir='ltr'>se</span> <span class='ocrx_word' id='word_1_122' title='bbox 1350 1838 1481 1918; x_wconf 88' lang='lat' dir='ltr'>sodali-</span> 
     </span>
     <span class='ocr_line' id='line_1_16' title="bbox 111 1938 1481 2042; baseline 0.001 -26"><span class='ocrx_word' id='word_1_123' title='bbox 111 1940 192 2041; x_wconf 44' lang='lat' dir='ltr'>[tas</span> <span class='ocrx_word' id='word_1_124' title='bbox 214 1938 375 2019; x_wconf 89' lang='lat' dir='ltr'>nonarti</span> <span class='ocrx_word' id='word_1_125' title='bbox 385 1939 461 2018; x_wconf 91' lang='lat' dir='ltr'>ulli·</span> <span class='ocrx_word' id='word_1_126' title='bbox 474 1965 556 2041; x_wconf 80' lang='lat' dir='ltr'>qua</span> <span class='ocrx_word' id='word_1_127' title='bbox 568 1942 654 2018; x_wconf 82' lang='lat' dir='ltr'>ellet</span> <span class='ocrx_word' id='word_1_128' title='bbox 666 1941 796 2019; x_wconf 85' lang='lat' dir='ltr'>eadem</span> <span class='ocrx_word' id='word_1_129' title='bbox 807 1941 1011 2036; x_wconf 81' lang='lat' dir='ltr'>omnibus,</span> <span class='ocrx_word' id='word_1_130' title='bbox 1038 1962 1080 2018; x_wconf 89' lang='lat' dir='ltr'>ut</span> <span class='ocrx_word' id='word_1_131' title='bbox 1091 1942 1191 2020; x_wconf 88' lang='lat' dir='ltr'>male</span> <span class='ocrx_word' id='word_1_132' title='bbox 1202 1940 1378 2042; x_wconf 87' lang='lat' dir='ltr'>opinatur</span> <span class='ocrx_word' id='word_1_133' title='bbox 1388 1942 1481 2018; x_wconf 83' lang='lat' dir='ltr'>San·</span> 
     </span>
     <span class='ocr_line' id='line_1_17' title="bbox 132 2038 1482 2144; baseline 0.001 -27"><span class='ocrx_word' id='word_1_134' title='bbox 132 2038 287 2118; x_wconf 79' lang='lat' dir='ltr'>lovinus</span> <span class='ocrx_word' id='word_1_135' title='bbox 309 2095 322 2136; x_wconf 87' lang='lat'>‚</span> <span class='ocrx_word' id='word_1_136' title='bbox 348 2041 410 2119; x_wconf 88' lang='lat' dir='ltr'>sed</span> <span class='ocrx_word' id='word_1_137' title='bbox 431 2040 630 2121; x_wconf 86' lang='lat' dir='ltr'>communi</span> <span class='ocrx_word' id='word_1_138' title='bbox 650 2041 777 2143; x_wconf 84' lang='lat' dir='ltr'>patriae</span> <span class='ocrx_word' id='word_1_139' title='bbox 788 2041 989 2121; x_wconf 90' lang='lat' dir='ltr'>tribuenda</span> <span class='ocrx_word' id='word_1_140' title='bbox 999 2042 1075 2141; x_wconf 82' lang='lat' dir='ltr'>est,</span> <span class='ocrx_word' id='word_1_141' title='bbox 1097 2042 1138 2121; x_wconf 91' lang='grc'>8(</span> <span class='ocrx_word' id='word_1_142' title='bbox 1155 2068 1221 2144; x_wconf 86' lang='lat' dir='ltr'>pet</span> <span class='ocrx_word' id='word_1_143' title='bbox 1241 2041 1341 2123; x_wconf 85' lang='lat' dir='ltr'>alios</span> <span class='ocrx_word' id='word_1_144' title='bbox 1367 2061 1482 2141; x_wconf 88' lang='lat' dir='ltr'>atque</span> 
     </span>
     <span class='ocr_line' id='line_1_18' title="bbox 136 2139 1484 2241; baseline -0.001 -22"><span class='ocrx_word' id='word_1_145' title='bbox 136 2139 232 2220; x_wconf 84' lang='lat' dir='ltr'>alios</span> <span class='ocrx_word' id='word_1_146' title='bbox 258 2142 501 2222; x_wconf 85' lang='lat' dir='ltr'>continenter</span> <span class='ocrx_word' id='word_1_147' title='bbox 521 2148 656 2222; x_wconf 81' lang='lat' dir='ltr'>Annos</span> <span class='ocrx_word' id='word_1_148' title='bbox 684 2143 724 2221; x_wconf 93' lang='lat' dir='ltr'>in</span> <span class='ocrx_word' id='word_1_149' title='bbox 752 2164 904 2223; x_wconf 86' lang='lat' dir='ltr'>tantum</span> <span class='ocrx_word' id='word_1_150' title='bbox 932 2144 1135 2241; x_wconf 85' lang='lat' dir='ltr'>excrevit,</span> <span class='ocrx_word' id='word_1_151' title='bbox 1163 2164 1205 2222; x_wconf 92' lang='lat' dir='ltr'>ut</span> <span class='ocrx_word' id='word_1_152' title='bbox 1231 2144 1277 2221; x_wconf 88' lang='lat' dir='ltr'>de</span> <span class='ocrx_word' id='word_1_153' title='bbox 1299 2140 1484 2222; x_wconf 85' lang='lat' dir='ltr'>Sodalitio</span> 
     </span>
     <span class='ocr_line' id='line_1_19' title="bbox 132 2241 1486 2347; baseline 0 -28"><span class='ocrx_word' id='word_1_154' title='bbox 132 2241 320 2322; x_wconf 87' lang='lat' dir='ltr'>nationali</span> <span class='ocrx_word' id='word_1_155' title='bbox 347 2242 543 2323; x_wconf 87' lang='lat' dir='ltr'>statuendo</span> <span class='ocrx_word' id='word_1_156' title='bbox 569 2245 821 2324; x_wconf 81' lang='lat' dir='ltr'>convenerint</span> <span class='ocrx_word' id='word_1_157' title='bbox 847 2251 922 2325; x_wconf 91' lang='lat' dir='ltr'>An.</span> <span class='ocrx_word' id='word_1_158' title='bbox 943 2253 1046 2347; x_wconf 78' lang='lat'>1360.</span> <span class='ocrx_word' id='word_1_159' title='bbox 1074 2245 1223 2325; x_wconf 86' lang='lat' dir='ltr'>Annuit</span> <span class='ocrx_word' id='word_1_160' title='bbox 1236 2244 1486 2323; x_wconf 85' lang='lat' dir='ltr'>SenatusVe·</span> 
     </span>
     <span class='ocr_line' id='line_1_20' title="bbox 133 2343 1491 2448; baseline 0.001 -28"><span class='ocrx_word' id='word_1_161' title='bbox 133 2364 268 2439; x_wconf 78' lang='lat' dir='ltr'>nctus,</span> <span class='ocrx_word' id='word_1_162' title='bbox 294 2345 333 2424; x_wconf 88' lang='grc'>8(</span> <span class='ocrx_word' id='word_1_163' title='bbox 357 2345 459 2425; x_wconf 91' lang='lat' dir='ltr'>inter</span> <span class='ocrx_word' id='word_1_164' title='bbox 485 2367 618 2425; x_wconf 85' lang='lat' dir='ltr'>catera</span> <span class='ocrx_word' id='word_1_165' title='bbox 645 2345 845 2448; x_wconf 87' lang='lat' dir='ltr'>privilegia</span> <span class='ocrx_word' id='word_1_166' title='bbox 862 2348 1049 2427; x_wconf 80' lang='lat' dir='ltr'>Lucenses</span> <span class='ocrx_word' id='word_1_167' title='bbox 1076 2347 1192 2426; x_wconf 88' lang='lat' dir='ltr'>etiam</span> <span class='ocrx_word' id='word_1_168' title='bbox 1220 2344 1397 2425; x_wconf 86' lang='lat' dir='ltr'>Civitate</span> <span class='ocrx_word' id='word_1_169' title='bbox 1425 2343 1491 2421; x_wconf 84' lang='lat' dir='ltr'>do·</span> 
     </span>
     <span class='ocr_line' id='line_1_21' title="bbox 134 2443 1491 2550; baseline 0.002 -31"><span class='ocrx_word' id='word_1_170' title='bbox 134 2444 266 2523; x_wconf 85' lang='lat' dir='ltr'>navit.</span> <span class='ocrx_word' id='word_1_171' title='bbox 287 2447 423 2525; x_wconf 84' lang='lat' dir='ltr'>Paulus</span> <span class='ocrx_word' id='word_1_172' title='bbox 437 2448 572 2525; x_wconf 88' lang='lat' dir='ltr'>Patuta</span> <span class='ocrx_word' id='word_1_173' title='bbox 598 2448 736 2526; x_wconf 86' lang='lat' dir='ltr'>author</span> <span class='ocrx_word' id='word_1_174' title='bbox 758 2449 814 2528; x_wconf 90' lang='lat' dir='ltr'>rei</span> <span class='ocrx_word' id='word_1_175' title='bbox 834 2448 947 2546; x_wconf 84' lang='lat' dir='ltr'>hujus</span> <span class='ocrx_word' id='word_1_176' title='bbox 972 2448 1069 2543; x_wconf 84' lang='lat' dir='ltr'>suit,</span> <span class='ocrx_word' id='word_1_177' title='bbox 1089 2447 1160 2550; x_wconf 81' lang='lat' dir='ltr'>qui</span> <span class='ocrx_word' id='word_1_178' title='bbox 1171 2446 1355 2526; x_wconf 85' lang='lat' dir='ltr'>Lucenses</span> <span class='ocrx_word' id='word_1_179' title='bbox 1382 2443 1491 2525; x_wconf 89' lang='lat' dir='ltr'>nobi·</span> 
     </span>
     <span class='ocr_line' id='line_1_22' title="bbox 132 2542 1481 2651; baseline 0.002 -30"><span class='ocrx_word' id='word_1_180' title='bbox 132 2542 163 2621; x_wconf 88' lang='lat' dir='ltr'>li</span> <span class='ocrx_word' id='word_1_181' title='bbox 190 2545 229 2622; x_wconf 88' lang='grc'>8(</span> <span class='ocrx_word' id='word_1_182' title='bbox 258 2545 412 2628; x_wconf 85' lang='lat' dir='ltr'>honesto</span> <span class='ocrx_word' id='word_1_183' title='bbox 438 2547 526 2628; x_wconf 90' lang='lat' dir='ltr'>loco</span> <span class='ocrx_word' id='word_1_184' title='bbox 554 2569 663 2627; x_wconf 91' lang='lat' dir='ltr'>natos</span> <span class='ocrx_word' id='word_1_185' title='bbox 684 2550 725 2629; x_wconf 94' lang='grc'>8(</span> <span class='ocrx_word' id='word_1_186' title='bbox 744 2551 933 2633; x_wconf 83' lang='lat' dir='ltr'>Veneriisl</span> <span class='ocrx_word' id='word_1_187' title='bbox 946 2572 1101 2651; x_wconf 82' lang='lat' dir='ltr'>agentes</span> <span class='ocrx_word' id='word_1_188' title='bbox 1128 2550 1169 2627; x_wconf 94' lang='lat' dir='ltr'>in</span> <span class='ocrx_word' id='word_1_189' title='bbox 1192 2551 1481 2628; x_wconf 87' lang='lat' dir='ltr'>benemoratam</span> 
     </span>
     <span class='ocr_line' id='line_1_23' title="bbox 134 2645 1487 2759; baseline 0.004 -38"><span class='ocrx_word' id='word_1_190' title='bbox 134 2645 369 2759; x_wconf 67' lang='lat' dir='ltr'>§ocientem</span> <span class='ocrx_word' id='word_1_191' title='bbox 394 2649 611 2751; x_wconf 85' lang='lat' dir='ltr'>compegit,</span> <span class='ocrx_word' id='word_1_192' title='bbox 634 2650 850 2753; x_wconf 77' lang='lat' dir='ltr'>&amp;Regulos</span> <span class='ocrx_word' id='word_1_193' title='bbox 867 2650 1011 2731; x_wconf 87' lang='lat' dir='ltr'>indixit</span> <span class='ocrx_word' id='word_1_194' title='bbox 1029 2653 1074 2731; x_wconf 90' lang='lat' dir='ltr'>in</span> <span class='ocrx_word' id='word_1_195' title='bbox 1093 2651 1193 2732; x_wconf 89' lang='lat' dir='ltr'>libro</span> <span class='ocrx_word' id='word_1_196' title='bbox 1205 2648 1360 2751; x_wconf 84' lang='lat' dir='ltr'>digestas</span> <span class='ocrx_word' id='word_1_197' title='bbox 1370 2670 1487 2757; x_wconf 72' lang='lat' dir='ltr'>quein</span> 
     </span>
     <span class='ocr_line' id='line_1_24' title="bbox 132 2748 1489 2843; baseline 0.002 -22"><span class='ocrx_word' id='word_1_198' title='bbox 132 2766 244 2843; x_wconf 75' lang='lat' dir='ltr'>Juxta</span> <span class='ocrx_word' id='word_1_199' title='bbox 271 2748 430 2831; x_wconf 84' lang='lat' dir='ltr'>aliarum</span> <span class='ocrx_word' id='word_1_200' title='bbox 461 2751 715 2832; x_wconf 85' lang='lat' dir='ltr'>Sodalitatum</span> <span class='ocrx_word' id='word_1_201' title='bbox 743 2778 894 2833; x_wconf 88' lang='lat' dir='ltr'>morem</span> <span class='ocrx_word' id='word_1_202' title='bbox 930 2748 1148 2834; x_wconf 68' lang='lat' dir='ltr'>confedum</span> <span class='ocrx_word' id='word_1_203' title='bbox 1180 2773 1324 2831; x_wconf 88' lang='lat' dir='ltr'>vocant</span> <span class='ocrx_word' id='word_1_204' title='bbox 1352 2757 1489 2827; x_wconf 78' lang='lat' dir='ltr'>Matri·</span> 
     </span>
     <span class='ocr_line' id='line_1_25' title="bbox 135 2838 1488 2954; baseline 0.001 -31"><span class='ocrx_word' id='word_1_205' title='bbox 135 2838 288 2927; x_wconf 63' lang='lat' dir='ltr'>ceilam·</span> <span class='ocrx_word' id='word_1_206' title='bbox 309 2853 413 2932; x_wconf 90' lang='lat' dir='ltr'>Huic</span> <span class='ocrx_word' id='word_1_207' title='bbox 439 2853 540 2932; x_wconf 90' lang='lat' dir='ltr'>libro</span> <span class='ocrx_word' id='word_1_208' title='bbox 563 2853 770 2954; x_wconf 65' lang='lat' dir='ltr'>prefigitur</span> <span class='ocrx_word' id='word_1_209' title='bbox 791 2880 837 2933; x_wconf 88' lang='lat' dir='ltr'>ex</span> <span class='ocrx_word' id='word_1_210' title='bbox 891 2854 974 2934; x_wconf 89' lang='lat' dir='ltr'>sitio</span> <span class='ocrx_word' id='word_1_211' title='bbox 996 2852 1168 2933; x_wconf 87' lang='lat' dir='ltr'>versiculi</span> <span class='ocrx_word' id='word_1_212' title='bbox 1191 2878 1237 2931; x_wconf 82' lang='lat' dir='ltr'>eit</span> <span class='ocrx_word' id='word_1_213' title='bbox 1260 2854 1314 2931; x_wconf 90' lang='lat' dir='ltr'>Ps.</span> <span class='ocrx_word' id='word_1_214' title='bbox 1325 2882 1385 2951; x_wconf 85' lang='lat'>44.</span> <span class='ocrx_word' id='word_1_215' title='bbox 1407 2841 1488 2926; x_wconf 86' lang='lat' dir='ltr'>Vul-</span> 
     </span>
     <span class='ocr_line' id='line_1_26' title="bbox 131 2950 1491 3063; baseline 0.002 -40"><span class='ocrx_word' id='word_1_216' title='bbox 131 2966 217 3024; x_wconf 83' lang='lat' dir='ltr'>tum</span> <span class='ocrx_word' id='word_1_217' title='bbox 243 2971 348 3030; x_wconf 83' lang='lat' dir='ltr'>tunm</span> <span class='ocrx_word' id='word_1_218' title='bbox 369 2951 657 3051; x_wconf 80' lang='lat' dir='ltr'>deprecabuntur</span> <span class='ocrx_word' id='word_1_219' title='bbox 677 2982 799 3033; x_wconf 85' lang='lat' dir='ltr'>omnes</span> <span class='ocrx_word' id='word_1_220' title='bbox 847 2954 960 3031; x_wconf 78' lang='lat' dir='ltr'>ivites</span> <span class='ocrx_word' id='word_1_221' title='bbox 974 2950 1095 3063; x_wconf 83' lang='lat' dir='ltr'>plebis</span> <span class='ocrx_word' id='word_1_222' title='bbox 1131 2954 1169 3030; x_wconf 89' lang='grc'>8(</span> <span class='ocrx_word' id='word_1_223' title='bbox 1194 2955 1241 3030; x_wconf 87' lang='lat' dir='ltr'>ad</span> <span class='ocrx_word' id='word_1_224' title='bbox 1267 2954 1410 3058; x_wconf 86' lang='lat' dir='ltr'>calcem</span> <span class='ocrx_word' id='word_1_225' title='bbox 1437 2951 1491 3027; x_wconf 91' lang='lat' dir='ltr'>le-</span> 
     </span>
     <span class='ocr_line' id='line_1_27' title="bbox 131 3050 1487 3150; baseline -0.005 -23"><span class='ocrx_word' id='word_1_226' title='bbox 131 3071 279 3149; x_wconf 77' lang='lat' dir='ltr'>guntur</span> <span class='ocrx_word' id='word_1_227' title='bbox 305 3054 384 3135; x_wconf 81' lang='lat' dir='ltr'>haec</span> <span class='ocrx_word' id='word_1_228' title='bbox 409 3056 558 3134; x_wconf 86' lang='lat' dir='ltr'>verba:</span> <span class='ocrx_word' id='word_1_229' title='bbox 590 3051 723 3130; x_wconf 74' lang='lat' dir='ltr'>Venite</span> <span class='ocrx_word' id='word_1_230' title='bbox 753 3050 1028 3150; x_wconf 74' lang='lat' dir='ltr'>congregamini</span> <span class='ocrx_word' id='word_1_231' title='bbox 1061 3050 1116 3130; x_wconf 79' lang='lat' dir='ltr'>nd</span> <span class='ocrx_word' id='word_1_232' title='bbox 1140 3078 1285 3128; x_wconf 87' lang='lat' dir='ltr'>coenam</span> <span class='ocrx_word' id='word_1_233' title='bbox 1316 3059 1395 3128; x_wconf 78' lang='lat' dir='ltr'>Dei</span> <span class='ocrx_word' id='word_1_234' title='bbox 1411 3073 1487 3122; x_wconf 86' lang='lat' dir='ltr'>ma-</span> 
     </span>
     <span class='ocr_line' id='line_1_28' title="bbox 128 3144 1490 3257; baseline -0.002 -30"><span class='ocrx_word' id='word_1_235' title='bbox 128 3177 274 3253; x_wconf 81' lang='lat' dir='ltr'>gnam,</span> <span class='ocrx_word' id='word_1_236' title='bbox 299 3153 482 3254; x_wconf 79' lang='lat' dir='ltr'>adquam</span> <span class='ocrx_word' id='word_1_237' title='bbox 503 3179 648 3230; x_wconf 86' lang='lat' dir='ltr'>coenam</span> <span class='ocrx_word' id='word_1_238' title='bbox 678 3151 768 3257; x_wconf 74' lang='lat' dir='ltr'>idest</span> <span class='ocrx_word' id='word_1_239' title='bbox 817 3149 950 3232; x_wconf 85' lang='lat' dir='ltr'>loriam</span> <span class='ocrx_word' id='word_1_240' title='bbox 973 3182 1036 3233; x_wconf 84' lang='lat' dir='ltr'>noi</span> <span class='ocrx_word' id='word_1_241' title='bbox 1056 3150 1236 3252; x_wconf 83' lang='lat' dir='ltr'>perducat</span> <span class='ocrx_word' id='word_1_242' title='bbox 1285 3150 1362 3252; x_wconf 83' lang='lat' dir='ltr'>esni</span> <span class='ocrx_word' id='word_1_243' title='bbox 1383 3144 1490 3226; x_wconf 74' lang='lat' dir='ltr'>cbri-</span> 
     </span>
     <span class='ocr_line' id='line_1_29' title="bbox 128 3184 1483 3361; baseline -0.003 -32"><span class='ocrx_word' id='word_1_244' title='bbox 128 3254 242 3353; x_wconf 73' lang='lat' dir='ltr'>stus,</span> <span class='ocrx_word' id='word_1_245' title='bbox 274 3252 341 3354; x_wconf 82' lang='lat' dir='ltr'>qui</span> <span class='ocrx_word' id='word_1_246' title='bbox 363 3258 416 3358; x_wconf 76' lang='lat' dir='ltr'>est</span> <span class='ocrx_word' id='word_1_247' title='bbox 435 3276 504 3353; x_wconf 86' lang='lat' dir='ltr'>per</span> <span class='ocrx_word' id='word_1_248' title='bbox 528 3250 682 3354; x_wconf 79' lang='lat' dir='ltr'>infinita</span> <span class='ocrx_word' id='word_1_249' title='bbox 699 3184 838 3355; x_wconf 53' lang='lat' dir='ltr'>saecuia</span> <span class='ocrx_word' id='word_1_250' title='bbox 855 3252 1073 3357; x_wconf 80' lang='lat' dir='ltr'>snciiloruin</span> <span class='ocrx_word' id='word_1_251' title='bbox 1100 3250 1230 3333; x_wconf 83' lang='lat' dir='ltr'>benedi</span> <span class='ocrx_word' id='word_1_252' title='bbox 1269 3280 1308 3361; x_wconf 81' lang='lat' dir='ltr'>iis</span> <span class='ocrx_word' id='word_1_253' title='bbox 1337 3259 1483 3328; x_wconf 85' lang='lat' dir='ltr'>Amen.</span> 
     </span>
     <span class='ocr_line' id='line_1_30' title="bbox 133 3352 1490 3459; baseline -0.002 -30"><span class='ocrx_word' id='word_1_254' title='bbox 133 3352 301 3434; x_wconf 89' lang='lat' dir='ltr'>Initium</span> <span class='ocrx_word' id='word_1_255' title='bbox 331 3356 440 3455; x_wconf 80' lang='lat' dir='ltr'>hujus</span> <span class='ocrx_word' id='word_1_256' title='bbox 462 3356 681 3436; x_wconf 85' lang='lat' dir='ltr'>Matticulae</span> <span class='ocrx_word' id='word_1_257' title='bbox 708 3357 831 3455; x_wconf 81' lang='lat' dir='ltr'>dabo,</span> <span class='ocrx_word' id='word_1_258' title='bbox 858 3380 900 3438; x_wconf 92' lang='lat' dir='ltr'>ut</span> <span class='ocrx_word' id='word_1_259' title='bbox 928 3356 1191 3459; x_wconf 90' lang='lat' dir='ltr'>indeliquido</span> <span class='ocrx_word' id='word_1_260' title='bbox 1218 3353 1387 3451; x_wconf 83' lang='lat' dir='ltr'>constet,</span> <span class='ocrx_word' id='word_1_261' title='bbox 1411 3375 1490 3451; x_wconf 92' lang='lat' dir='ltr'>quo</span> 
     </span>
     <span class='ocr_line' id='line_1_31' title="bbox 135 3449 1492 3561; baseline -0.004 -29"><span class='ocrx_word' id='word_1_262' title='bbox 135 3451 257 3534; x_wconf 90' lang='lat' dir='ltr'>titulo</span> <span class='ocrx_word' id='word_1_263' title='bbox 266 3457 452 3558; x_wconf 80' lang='lat' dir='ltr'>quibusve</span> <span class='ocrx_word' id='word_1_264' title='bbox 463 3456 637 3561; x_wconf 82' lang='lat' dir='ltr'>auspiciis</span> <span class='ocrx_word' id='word_1_265' title='bbox 647 3458 782 3541; x_wconf 82' lang='lat' dir='ltr'>ortasit</span> <span class='ocrx_word' id='word_1_266' title='bbox 795 3460 874 3541; x_wconf 81' lang='lat' dir='ltr'>hac</span> <span class='ocrx_word' id='word_1_267' title='bbox 885 3458 1063 3541; x_wconf 82' lang='lat' dir='ltr'>societas:</span> <span class='ocrx_word' id='word_1_268' title='bbox 1089 3451 1144 3539; x_wconf 84' lang='lat' dir='ltr'>Al</span> <span class='ocrx_word' id='word_1_269' title='bbox 1153 3468 1271 3538; x_wconf 73' lang='lat' dir='ltr'>Nonne</span> <span class='ocrx_word' id='word_1_270' title='bbox 1289 3449 1391 3536; x_wconf 79' lang='lat' dir='ltr'>della</span> <span class='ocrx_word' id='word_1_271' title='bbox 1401 3462 1492 3530; x_wconf 81' lang='lat' dir='ltr'>San-</span> 
     </span>
    </p>
   </div>
   <div class='ocr_carea' id='block_1_3' title="bbox 1349 3553 1440 3658">
    <p class='ocr_par' dir='ltr' id='par_1_3' title="bbox 1349 3553 1440 3658">
     <span class='ocr_line' id='line_1_32' title="bbox 1349 3553 1440 3658; baseline -0.011 -23"><span class='ocrx_word' id='word_1_272' title='bbox 1349 3553 1440 3658; x_wconf 76' lang='lat' dir='ltr'>riffi·</span> 
     </span>
    </p>
   </div>
   <div class='ocr_carea' id='block_1_4' title="bbox 133 3693 1526 3948">
    <p class='ocr_par' dir='ltr' id='par_1_4' title="bbox 133 3693 1526 3948">
     <span class='ocr_line' id='line_1_33' title="bbox 133 3693 1492 3799; baseline -0.015 -23"><span class='ocrx_word' id='word_1_273' title='bbox 133 3695 200 3775; x_wconf 67' lang='lat'>(⁶)</span> <span class='ocrx_word' id='word_1_274' title='bbox 221 3707 405 3773; x_wconf 83' lang='lat' dir='ltr'>Consuetudo</span> <span class='ocrx_word' id='word_1_275' title='bbox 425 3712 595 3777; x_wconf 84' lang='lat' dir='ltr'>comedendi</span> <span class='ocrx_word' id='word_1_276' title='bbox 617 3720 728 3796; x_wconf 80' lang='lat' dir='ltr'>Agrium</span> <span class='ocrx_word' id='word_1_277' title='bbox 747 3693 1001 3776; x_wconf 75' lang='lat' dir='ltr'>taschalem&#39;cum</span> <span class='ocrx_word' id='word_1_278' title='bbox 1013 3708 1165 3799; x_wconf 58' lang='lat' dir='ltr'>Religiosis</span> <span class='ocrx_word' id='word_1_279' title='bbox 1186 3714 1215 3770; x_wconf 91' lang='lat' dir='ltr'>in</span> <span class='ocrx_word' id='word_1_280' title='bbox 1237 3710 1363 3789; x_wconf 86' lang='lat' dir='ltr'>ipsorum</span> <span class='ocrx_word' id='word_1_281' title='bbox 1383 3699 1492 3786; x_wconf 67' lang='lat' dir='ltr'>Tricli3</span> 
     </span>
     <span class='ocr_line' id='line_1_34' title="bbox 159 3774 1526 3870; baseline -0.009 -23"><span class='ocrx_word' id='word_1_282' title='bbox 159 3822 163 3829; x_wconf 88' lang='lat'>-</span> <span class='ocrx_word' id='word_1_283' title='bbox 260 3791 312 3846; x_wconf 89' lang='lat' dir='ltr'>nio</span> <span class='ocrx_word' id='word_1_284' title='bbox 333 3809 385 3866; x_wconf 85' lang='lat' dir='ltr'>per</span> <span class='ocrx_word' id='word_1_285' title='bbox 405 3790 534 3851; x_wconf 76' lang='lat' dir='ltr'>saeculum</span> <span class='ocrx_word' id='word_1_286' title='bbox 556 3792 582 3850; x_wconf 87' lang='grc'>8(</span> <span class='ocrx_word' id='word_1_287' title='bbox 604 3788 682 3852; x_wconf 87' lang='lat' dir='ltr'>ultra</span> <span class='ocrx_word' id='word_1_288' title='bbox 703 3793 817 3870; x_wconf 83' lang='lat' dir='ltr'>viguit,</span> <span class='ocrx_word' id='word_1_289' title='bbox 838 3787 931 3847; x_wconf 89' lang='lat' dir='ltr'>donec</span> <span class='ocrx_word' id='word_1_290' title='bbox 952 3804 985 3845; x_wconf 92' lang='lat' dir='ltr'>ut</span> <span class='ocrx_word' id='word_1_291' title='bbox 1005 3785 1127 3845; x_wconf 74' lang='lat' dir='ltr'>liberior</span> <span class='ocrx_word' id='word_1_292' title='bbox 1147 3790 1215 3846; x_wconf 84' lang='lat' dir='ltr'>esset</span> <span class='ocrx_word' id='word_1_293' title='bbox 1236 3786 1369 3847; x_wconf 74' lang='lat' dir='ltr'>omnibus</span> <span class='ocrx_word' id='word_1_294' title='bbox 1389 3774 1493 3839; x_wconf 82' lang='lat' dir='ltr'>edendi</span> <span class='ocrx_word' id='word_1_295' title='bbox 1521 3794 1526 3805; x_wconf 85' lang='grc'><em>’</em></span> 
     </span>
     <span class='ocr_line' id='line_1_35' title="bbox 168 3862 1495 3948; baseline -0.011 -18"><span class='ocrx_word' id='word_1_296' title='bbox 168 3890 173 3895; x_wconf 91' lang='lat'>·</span> <span class='ocrx_word' id='word_1_297' title='bbox 259 3865 405 3941; x_wconf 70' lang='lat' dir='ltr'>facultas,</span> <span class='ocrx_word' id='word_1_298' title='bbox 426 3888 515 3948; x_wconf 72' lang='lat' dir='ltr'>agnos</span> <span class='ocrx_word' id='word_1_299' title='bbox 536 3870 654 3929; x_wconf 84' lang='lat' dir='ltr'>mittere</span> <span class='ocrx_word' id='word_1_300' title='bbox 675 3868 882 3937; x_wconf 82' lang='lat' dir='ltr'>decreverunt,</span> <span class='ocrx_word' id='word_1_301' title='bbox 900 3883 975 3942; x_wconf 76' lang='lat' dir='ltr'>quos</span> <span class='ocrx_word' id='word_1_302' title='bbox 994 3881 1084 3922; x_wconf 85' lang='lat' dir='ltr'>croco</span> <span class='ocrx_word' id='word_1_303' title='bbox 1098 3862 1276 3940; x_wconf 82' lang='lat' dir='ltr'>conspersos,</span> <span class='ocrx_word' id='word_1_304' title='bbox 1297 3862 1414 3937; x_wconf 79' lang='lat' dir='ltr'>&amp;aqua</span> <span class='ocrx_word' id='word_1_305' title='bbox 1430 3870 1495 3913; x_wconf 83' lang='lat' dir='ltr'>tau·</span> 
     </span>
    </p>
   </div>
   <div class='ocr_carea' id='block_1_5' title="bbox 263 3934 1496 4450">
    <p class='ocr_par' dir='ltr' id='par_1_5' title="bbox 263 3934 1496 4450">
     <span class='ocr_line' id='line_1_36' title="bbox 264 3934 1496 4024; baseline -0.006 -19"><span class='ocrx_word' id='word_1_306' title='bbox 264 3943 417 4019; x_wconf 68' lang='lat' dir='ltr'>utromodo</span> <span class='ocrx_word' id='word_1_307' title='bbox 436 3946 541 4024; x_wconf 81' lang='lat' dir='ltr'>absque</span> <span class='ocrx_word' id='word_1_308' title='bbox 557 3945 616 4005; x_wconf 77' lang='lat' dir='ltr'>sue</span> <span class='ocrx_word' id='word_1_309' title='bbox 635 3946 732 4005; x_wconf 72' lang='lat' dir='ltr'>coeloe</span> <span class='ocrx_word' id='word_1_310' title='bbox 749 3988 758 4017; x_wconf 90' lang='lat'>‚</span> <span class='ocrx_word' id='word_1_311' title='bbox 778 3963 836 4005; x_wconf 85' lang='lat' dir='ltr'>una</span> <span class='ocrx_word' id='word_1_312' title='bbox 852 3958 921 4000; x_wconf 85' lang='lat' dir='ltr'>-cum</span> <span class='ocrx_word' id='word_1_313' title='bbox 938 3939 1042 3999; x_wconf 84' lang='lat' dir='ltr'>insulso</span> <span class='ocrx_word' id='word_1_314' title='bbox 1057 3943 1167 4016; x_wconf 82' lang='lat' dir='ltr'>pariter</span> <span class='ocrx_word' id='word_1_315' title='bbox 1188 3960 1262 4016; x_wconf 88' lang='lat' dir='ltr'>pane</span> <span class='ocrx_word' id='word_1_316' title='bbox 1282 3934 1429 3999; x_wconf 68' lang='lat' dir='ltr'>Frattibus</span> <span class='ocrx_word' id='word_1_317' title='bbox 1444 3942 1496 3998; x_wconf 66' lang='grc' dir='ltr'>ξιΡ·</span> 
     </span>
     <span class='ocr_line' id='line_1_37' title="bbox 264 4005 1495 4103; baseline -0.02 -16"><span class='ocrx_word' id='word_1_318' title='bbox 264 4019 428 4095; x_wconf 60' lang='lat' dir='ltr'>uouebant,</span> <span class='ocrx_word' id='word_1_319' title='bbox 451 4039 483 4081; x_wconf 82' lang='lat' dir='ltr'>ut</span> <span class='ocrx_word' id='word_1_320' title='bbox 504 4021 565 4080; x_wconf 77' lang='lat' dir='ltr'>usus</span> <span class='ocrx_word' id='word_1_321' title='bbox 586 4025 716 4103; x_wconf 82' lang='lat' dir='ltr'>gentium</span> <span class='ocrx_word' id='word_1_322' title='bbox 730 4019 898 4081; x_wconf 88' lang='lat' dir='ltr'>Lucensium</span> <span class='ocrx_word' id='word_1_323' title='bbox 914 4016 1015 4076; x_wconf 72' lang='lat' dir='ltr'>diebus</span> <span class='ocrx_word' id='word_1_324' title='bbox 1031 4016 1210 4076; x_wconf 78' lang='lat' dir='ltr'>Paschalibus</span> <span class='ocrx_word' id='word_1_325' title='bbox 1225 4018 1403 4073; x_wconf 84' lang='lat' dir='ltr'>servaretur.</span> <span class='ocrx_word' id='word_1_326' title='bbox 1426 4005 1495 4061; x_wconf 75' lang='lat' dir='ltr'>Haec</span> 
     </span>
     <span class='ocr_line' id='line_1_38' title="bbox 263 4074 1495 4166; baseline -0.004 -18"><span class='ocrx_word' id='word_1_327' title='bbox 263 4087 336 4148; x_wconf 89' lang='lat' dir='ltr'>olim</span> <span class='ocrx_word' id='word_1_328' title='bbox 358 4092 436 4148; x_wconf 86' lang='lat' dir='ltr'>inter</span> <span class='ocrx_word' id='word_1_329' title='bbox 454 4099 604 4155; x_wconf 69' lang='lat' dir='ltr'>Mlss&#39;aruni</span> <span class='ocrx_word' id='word_1_330' title='bbox 625 4098 765 4159; x_wconf 87' lang='lat' dir='ltr'>solemnia</span> <span class='ocrx_word' id='word_1_331' title='bbox 785 4094 1032 4155; x_wconf 82' lang='lat' dir='ltr'>benedicebantur</span> <span class='ocrx_word' id='word_1_332' title='bbox 1053 4093 1089 4152; x_wconf 88' lang='lat' dir='ltr'>ad</span> <span class='ocrx_word' id='word_1_333' title='bbox 1108 4112 1191 4154; x_wconf 81' lang='lat' dir='ltr'>aiam</span> <span class='ocrx_word' id='word_1_334' title='bbox 1213 4089 1386 4155; x_wconf 84' lang='lat' dir='ltr'>maximam,</span> <span class='ocrx_word' id='word_1_335' title='bbox 1406 4074 1495 4166; x_wconf 70' lang='lat' dir='ltr'>niodo</span> 
     </span>
     <span class='ocr_line' id='line_1_39' title="bbox 268 4158 1494 4251; baseline -0.015 -27"><span class='ocrx_word' id='word_1_336' title='bbox 268 4184 340 4227; x_wconf 84' lang='lat' dir='ltr'>veru</span> <span class='ocrx_word' id='word_1_337' title='bbox 359 4167 397 4229; x_wconf 84' lang='lat' dir='ltr'>ad</span> <span class='ocrx_word' id='word_1_338' title='bbox 419 4166 579 4228; x_wconf 86' lang='lat' dir='ltr'>tollendam</span> <span class='ocrx_word' id='word_1_339' title='bbox 607 4174 705 4251; x_wconf 89' lang='lat' dir='ltr'>populi</span> <span class='ocrx_word' id='word_1_340' title='bbox 734 4172 959 4240; x_wconf 81' lang='lat' dir='ltr'>admirationem</span> <span class='ocrx_word' id='word_1_341' title='bbox 987 4171 1105 4246; x_wconf 75' lang='lat' dir='ltr'>private</span> <span class='ocrx_word' id='word_1_342' title='bbox 1128 4164 1366 4228; x_wconf 85' lang='lat' dir='ltr'>benedicuntur.</span> <span class='ocrx_word' id='word_1_343' title='bbox 1393 4158 1434 4212; x_wconf 84' lang='lat' dir='ltr'>Ex</span> <span class='ocrx_word' id='word_1_344' title='bbox 1450 4169 1494 4240; x_wconf 65' lang='lat' dir='ltr'>.¹¹.ff</span> 
     </span>
     <span class='ocr_line' id='line_1_40' title="bbox 266 4225 1496 4326; baseline -0.02 -8"><span class='ocrx_word' id='word_1_345' title='bbox 266 4262 342 4318; x_wconf 71' lang='lat' dir='ltr'>P²¹¹²</span> <span class='ocrx_word' id='word_1_346' title='bbox 369 4244 395 4302; x_wconf 67' lang='grc' dir='ltr'><strong>ἃ</strong></span> <span class='ocrx_word' id='word_1_347' title='bbox 424 4264 501 4325; x_wconf 73' lang='lat' dir='ltr'>agno</span> <span class='ocrx_word' id='word_1_348' title='bbox 530 4262 633 4322; x_wconf 79' lang='lat' dir='ltr'>preter</span> <span class='ocrx_word' id='word_1_349' title='bbox 660 4250 828 4312; x_wconf 81' lang='lat' dir='ltr'>Monatierii</span> <span class='ocrx_word' id='word_1_350' title='bbox 857 4246 1013 4326; x_wconf 57' lang='lat' dir='ltr'>religiosos</span> <span class='ocrx_word' id='word_1_351' title='bbox 1031 4249 1111 4305; x_wconf 81' lang='lat' dir='ltr'>vitot</span> <span class='ocrx_word' id='word_1_352' title='bbox 1138 4261 1226 4321; x_wconf 85' lang='lat' dir='ltr'>atque</span> <span class='ocrx_word' id='word_1_353' title='bbox 1253 4238 1337 4315; x_wconf 76' lang='lat' dir='ltr'>ipsius</span> <span class='ocrx_word' id='word_1_354' title='bbox 1363 4225 1496 4290; x_wconf 76' lang='lat' dir='ltr'>80d³l¹t¹1</span> 
     </span>
     <span class='ocr_line' id='line_1_41' title="bbox 267 4305 1495 4450; baseline -0.026 -49"><span class='ocrx_word' id='word_1_355' title='bbox 267 4320 437 4381; x_wconf 61' lang='lat' dir='ltr'>C⁰⁰sffl¹2⁸</span> <span class='ocrx_word' id='word_1_356' title='bbox 459 4326 606 4398; x_wconf 69' lang='lat' dir='ltr'>P⁰¹⁸i⁰ues</span> <span class='ocrx_word' id='word_1_357' title='bbox 625 4345 742 4450; x_wconf 51' lang='lat' dir='ltr'>auoque</span> <span class='ocrx_word' id='word_1_358' title='bbox 764 4348 798 4385; x_wconf 82' lang='lat' dir='ltr'>ex</span> <span class='ocrx_word' id='word_1_359' title='bbox 820 4326 941 4400; x_wconf 84' lang='lat' dir='ltr'>antiqua</span> <span class='ocrx_word' id='word_1_360' title='bbox 962 4322 1169 4412; x_wconf 73' lang='lat' dir='ltr'>consuetudine</span> <span class='ocrx_word' id='word_1_361' title='bbox 1186 4317 1338 4393; x_wconf 84' lang='lat' dir='ltr'>accipiunt</span> <span class='ocrx_word' id='word_1_362' title='bbox 1356 4315 1423 4369; x_wconf 85' lang='lat' dir='ltr'>Dux</span> <span class='ocrx_word' id='word_1_363' title='bbox 1441 4305 1495 4361; x_wconf 73' lang='lat' dir='ltr'>Ve-</span> 
     </span>
    </p>
   </div>
   <div class='ocr_carea' id='block_1_6' title="bbox 269 4397 1201 4472">
    <p class='ocr_par' dir='ltr' id='par_1_6' title="bbox 269 4397 1201 4472">
     <span class='ocr_line' id='line_1_42' title="bbox 269 4397 1201 4472; baseline -0.011 -17"><span class='ocrx_word' id='word_1_364' title='bbox 269 4399 417 4460; x_wconf 82' lang='lat' dir='ltr'>netiarum</span> <span class='ocrx_word' id='word_1_365' title='bbox 437 4397 464 4456; x_wconf 84' lang='grc'>8(</span> <span class='ocrx_word' id='word_1_366' title='bbox 484 4410 605 4472; x_wconf 79' lang='lat' dir='ltr'>magnus</span> <span class='ocrx_word' id='word_1_367' title='bbox 652 4397 1032 4466; x_wconf 53' lang='lat' dir='ltr'>eipuuttfficamllmm</span> <span class='ocrx_word' id='word_1_368' title='bbox 1088 4438 1097 4443; x_wconf 90' lang='lat'><em>.</em></span> <span class='ocrx_word' id='word_1_369' title='bbox 1139 4430 1147 4435; x_wconf 90' lang='lat'>-</span> <span class='ocrx_word' id='word_1_370' title='bbox 1197 4420 1201 4423; x_wconf 23' lang='grc' dir='ltr'><strong><em>Δ</em></strong></span> 
     </span>
    </p>
   </div>
   <div class='ocr_carea' id='block_1_7' title="bbox 0 0 1930 5342">
    <p class='ocr_par' dir='ltr' id='par_1_7' title="bbox 0 0 1930 5342">
     <span class='ocr_line' id='line_1_43' title="bbox 0 0 1930 5342; baseline 0 4"><span class='ocrx_word' id='word_1_371' title='bbox 0 0 1930 5342; x_wconf 95' lang='lat' dir='ltr'> </span> 
     </span>
    </p>
   </div>
  </div>
 </body>
</html>
