3850 5342
492 405 549 510 36
698 394 779 488 Dii
809 398 1188 487 Mommsenio
1216 403 1257 487 S.
1290 403 1483 488 Mania

421 568 451 650 ᾗ,
475 547 664 645 ascondita
688 549 780 633 lieet
805 553 853 633 ab
879 550 932 631 im
982 549 1048 632 riis
1073 551 1259 653 resugeret
1280 551 1428 633 animus
1449 569 1689 656 contemptor
1709 551 1764 634 di·

421 705 452 750 „
477 651 687 831 gustatum.
715 654 822 734 Dum
843 655 921 733 Prae
935 653 1038 733 editis
1064 653 1150 732 esset
1173 655 1222 732 D.
1237 650 1415 734 Marcelli
1437 656 1559 734 Alma
1570 655 1685 735 Urbis
1704 656 1763 735 de·

424 806 452 850 98

493 752 591 831 eruit
617 752 810 852 strepitum
836 756 1019 834 Romana
1046 754 1154 833 Aula
1180 753 1217 832 8(
1243 778 1331 833 curn
1356 755 1419 836 sex
1444 756 1553 847 sociis
1589 755 1763 836 solitariae

423 907 452 950 „
475 853 565 933 vita
591 851 633 933 iti
659 855 842 935 Eremum
871 855 1028 934 latinam
1054 853 1172 950 abiit,
1198 856 1370 956 permilsu
1395 855 1664 959 Christophori
1691 859 1763 936 Ge·

423 1006 452 1052 „
478 955 638 1050 natalis,
664 976 707 1035 ut
734 954 864 1058 procul
890 981 913 1034 a
937 981 986 1036 co
1012 954 1234 1036 irationibus
1261 957 1474 1053 humanis,
1508 983 1591 1060 qua
1616 956 1763 1059 spiritui

424 1104 452 1152 „
476 1055 562 1134 sunt
588 1055 886 1158 impedimento,
912 1082 960 1136 ne
1034 1083 1059 1135 o
1079 1058 1300 1159 copuletur,
1325 1059 1371 1137 ad
1391 1059 1677 1141 meditationem
1697 1084 1765 1138 cae·

422 1154 577 1251 „lestis
610 1158 741 1239 Patria
776 1184 866 1239 eum
893 1158 1086 1239 elevaret.
1113 1160 1230 1262 Quod
1256 1179 1299 1239 ut
1326 1158 1515 1240 intellexit
1535 1159 1674 1261 Xystus
1697 1160 1765 1238 lV.

423 1307 451 1353 „
478 1257 652 1341 Pontifex
665 1260 861 1342 Maximus
870 1261 1144 1341 Bonaventurae
1171 1259 1399 1362 propositum
1426 1260 1619 1355 laudavit,
1644 1287 1688 1341 ae
1712 1260 1764 1338 sa·

423 1408 453 1453 ‚,
478 1357 527 1436 tis
552 1360 720 1444 conscius
756 1361 920 1465 ingentis
946 1360 1051 1441 illius
1085 1360 1275 1463 sapientia
1301 1362 1338 1442 &
1362 1361 1472 1460 zeli,
1498 1362 1609 1440 illurn
1637 1362 1765 1441 chara·

424 1457 577 1554 „diere
610 1462 800 1547 Pontificii
831 1462 1126 1544 Concionatoris
1161 1461 1385 1565 insignivit.
1422 1466 1585 1559 Annuus
1616 1461 1768 1543 secessus

426 1609 455 1655 „
481 1558 577 1659 suit,
602 1591 711 1667 aquo
729 1566 885 1646 demum
907 1584 1013 1644 tanta
1033 1561 1300 1644 Sandimoniae
1320 1564 1419 1644 sama
1438 1563 1610 1660 emersit,
1636 1585 1768 1642 utoni·

427 1710 456 1755 ‚,
482 1685 549 1743 nes
576 1663 702 1746 uidete
728 1667 766 1747 8(
791 1666 920 1746 audire
942 1665 1083 1746 Virum
1104 1686 1297 1767 tamquam
1319 1691 1341 1743 a
1361 1666 1462 1745 calis
1480 1652 1630 1844 Qu!
1651 1683 1766 1744 certa

427 1810 456 1856 „
481 1762 554 1841 tim
575 1765 807 1848 niterentur.
835 1770 905 1847 Per
924 1767 1146 1848 Hetruriam
1172 1765 1356 1869 aggressus
1382 1766 1456 1846 iter
1481 1792 1532 1844 nu
1561 1766 1570 1781 ⁰
1601 1815 1603 1819 -
1627 1763 1766 1865 plantis

424 1912 452 1958 ‚,
475 1861 515 1941 8(
540 1865 665 1948 lacero
685 1868 823 1949 vestitu
844 1887 1046 1969 antequam
1058 1867 1292 1947 Florentiam
1314 1866 1657 1980 perveniremeum
1679 1888 1772 1980 pra:-

427 1964 638 2059 „cedente
674 1965 806 2066 sama,
841 1987 922 2046 tota
951 1966 1104 2047 Civitas
1136 1989 1329 2049 commota
1350 1966 1435 2062 este
1471 1964 1768 2064 nobilissimique

426 2110 455 2157 ‚,
479 2063 599 2145 Cives
624 2067 780 2148 obviarn
816 2069 1075 2171 prodeuntes,
1110 2068 1232 2170 ipsum
1254 2071 1413 2147 Senatus
1438 2064 1595 2147 nomine
1622 2062 1768 2182 precati

425 2212 455 2254 ‚,
479 2162 589 2263 sunt,
615 2187 658 2246 ut
677 2192 724 2248 eir
750 2170 826 2251 lere
847 2196 895 2252 cu
922 2168 1094 2250 iditatem
1116 2169 1250 2274 Populi
1264 2168 1454 2248 Divinum
1465 2170 1625 2249 verbum
1646 2167 1768 2247 sitien·

423 2261 524 2357 „tis
550 2292 599 2347 ne
623 2294 686 2350 rec
729 2291 840 2352 atet.
917 2297 958 2353 er
993 2271 1035 2349 in
1059 2270 1266 2353 cathedrali
1293 2269 1447 2353 Basilica
1472 2270 1676 2351 conciones
1703 2267 1767 2346 lia·

422 2365 584 2465 „·buit,
608 2388 715 2451 tanta
739 2373 954 2463 auditorum
982 2372 1215 2475 frequentia,
1240 2398 1283 2455 ac
1305 2370 1452 2470 trono,
1478 2391 1520 2451 ut
1540 2397 1673 2451 omnes
1695 2392 1767 2470 prae

343 2546 345 2551 ⁴
419 2513 450 2559 ‚‚
474 2469 705 2552 contritione
730 2474 852 2555 cordis
864 2475 1008 2577 profuse
1019 2475 1337 2576 lacrymarentur.
1363 2478 1479 2554 Anno
1505 2482 1609 2589 1485.
1635 2466 1773 2551 Coetui

425 2614 454 2660 ,‚
479 2565 656 2653 Vetrallae
675 2573 846 2656 interfuit
866 2631 881 2674 ,
905 2577 947 2656 in
967 2601 1045 2678 quo
1065 2575 1314 2659 Prouincialis
1335 2574 1533 2656 Flaminia
1553 2572 1673 2654 didius
1694 2567 1768 2663 eli,

427 2712 455 2759 „
479 2671 652 2769 quamvis
662 2675 741 2774 ejus
752 2676 949 2758 humilitas
959 2677 1228 2777 relud'iaretur,
1248 2678 1428 2782 &gradus
1438 2697 1694 2780 quoscumque
1705 2671 1767 2785 de·

427 2816 457 2862 η
481 2769 675 2887 ῑῐεᾷατοῑ.
701 2778 794 2860 Hac
821 2778 942 2859 virtus
969 2782 1061 2859 adeo
1096 2803 1318 2861 caeterorum
1344 2776 1633 2859 admirationem
1669 2795 1767 2853 exci-

428 2917 456 2963 „
480 2887 602 2972 tavit,
626 2897 668 2956 ut
694 2878 753 2958 illi
780 2880 1098 2962 in'Generalibus
1123 2883 1305 2962 Bononia
1330 2878 1516 2964 Comitiis
1540 2902 1640 2956 anno
1665 2878 1767 2987 (488.

427 3020 456 3064 „
481 2974 601 3056 totius
625 2979 780 3079 Ordinis
806 2982 879 3082 (a)
904 2982 1100 3083 regimen,
1124 2985 1193 3062 sub
1218 2982 1361 3062 Vicarii
1389 2976 1584 3060 Generalis
1608 2975 1770 3076 dignita

427 3121 455 3166 „
481 3093 520 3153 te
545 3076 764 3162 Coenobitae
790 3084 1127 3164 concrediderint.
1165 3089 1219 3164 At
1255 3109 1343 3164 cuin
1371 3083 1635 3162 Bonavcntura
1660 3098 1768 3153 men·

426 3221 455 3266 „
480 3194 536 3255 tes
561 3179 599 3257 8(
625 3206 715 3261 vora
740 3182 1025 3299 suffragantium
1045 3184 1276 3285 agnovisset,
1300 3177 1668 3293 &deimbecillitate
1689 3174 1770 3255 sua·

428 3323 457 3366 „
481 3300 566 3354 rum
593 3280 737 3361 virium
763 3282 983 3364 formidaret
1004 3339 1019 3383 ,
1039 3285 1093 3365 xse
1119 3285 1324 3368 subducere
1351 3284 1519 3365 sollicito
1543 3302 1675 3359 animo
1700 3299 1766 3355 vm

429 3423 457 3468 ,‚
482 3374 614 3456 lebat:
652 3406 786 3462 verum
814 3384 856 3464 in
883 3385 1019 3465 limine
1045 3385 1162 3486 janua
1189 3386 1452 3501 interceptus,
1485 3379 1625 3485 gestare
1650 3399 1771 3470 onus,

429 3524 457 3567 n
482 3474 520 3590 ὃς
545 3478 691 3592 sumere
717 3483 921 3586 imperium
948 3485 1099 3568 coaetus
1125 3485 1199 3567 est.
1227 3485 1405 3568 Postridie
1431 3479 1645 3584 suggestum
1671 3478 1771 3558 scau·

428 3624 457 3672 ,‚
483 3576 537 3656 dit
564 3604 606 3659 in
633 3584 683 3662 D.
712 3586 881 3667 Petronii
907 3588 1143 3671 allocuturus
1164 3591 1218 3669 Po
1245 3590 1352 3669 ulum
1377 3584 1443 3688 qui
1468 3584 1564 3665 illuc
1585 3582 1773 3695 conduxe-

429 3724 457 3769 ‚,
482 3699 574 3777 rat,
613 3704 655 3763 ut
682 3711 772 3766 eum
798 3689 944 3771 audiret
981 3691 1029 3770 ad
1064 3615 1274 3793 purgandis
1299 3688 1529 3788 corruptelas
1566 3682 1690 3797 saeculi
1707 3678 1773 3796 ‘su-

428 3828 455 3871 „
480 3805 595 3880 perne
621 3785 819 3883 elediuma
854 3816 944 3872 cum
982 3813 1110 3872 tamen
1145 3790 1245 3871 sinus
1314 3789 1495 3889 agrandis
1523 3784 1679 3884 Templi
1706 3802 1775 3858 ini·

426 3884 644 3971 „mensam
671 3887 748 3968 lere
773 3891 1066 3972 multitudinem
1092 3891 1240 3991 ingredi
1281 3914 1364 3969 ores
1390 3887 1686 3969 contendentem
1711 3901 1774 3961 ex·

425 3980 603 4082 „cipere
629 3989 820 4071 nonsatis
845 3997 983 4094 pulset.
1011 3993 1098 4070 Hoc
1124 3989 1392 4070 monasterium
1417 4016 1490 4073 nec
1516 3987 1695 4081 distentus
1719 3973 1773 4056 of·

427 4131 455 4175 „
479 4080 559 4165 ficii
584 4089 683 4171 curis
709 4117 780 4175 nee
806 4093 959 4177 inflatus
985 4091 1237 4195 dignitatibus
1262 4093 1452 4193 usquead
1477 4086 1773 4280 interitttlilrlnmgin·

1554 4232 1582 4281 D

429 4388 450 4473 ii
470 4395 533 4480 (a)
552 4400 621 4465 Non
641 4402 732 4460 torius
749 4405 892 4471 ordinis,
910 4403 959 4458 ted
977 4402 1222 4485 congregationis
1241 4400 1459 4467 observantium
1479 4405 1666 4474 nuncupata.
