3850 5342
413 490 563 578 '116
719 483 823 573 Da
880 484 1458 566 Moursrerto

310 742 314 753 ‚
460 646 555 725 Hac
582 654 691 722 tanto
710 632 957 740 pretiofiora,
988 624 1130 735 quanto
1161 625 1344 707 sandiora
1363 617 1539 702 Ecclefiae
1564 633 1764 695 ornamem

410 768 450 829 ta
476 743 729 825 miserandum
754 739 795 819 in
822 736 979 816 modum
1007 731 1148 836 periere
1163 752 1275 807 anno
1294 721 1498 804 millesimo
1518 715 1765 823 septingente-

409 848 503 927 fimo
529 844 665 948 quinto
691 842 752 921 die
773 861 913 918 xxvru.
926 831 1155 939 Septembris
1175 829 1216 909 in
1236 824 1437 1006 pervigilio
1458 823 1494 900 S.
1506 814 1764 916 Hieronymi:

409 969 565 1049 repente
590 945 693 1026 enim
719 943 819 1022 inter
845 939 994 1018 festivos
1014 952 1208 1037 apparatus
1230 930 1345 1011 Eccle
1361 953 1403 1006 1ae
1425 944 1560 1005 exorto
1581 921 1694 1025 igne,
1721 916 1765 995 in

361 1074 367 1081 ·
411 1053 490 1130 tale
516 1068 741 1147 tantmnque
777 1041 901 1125 subito
927 1038 1096 1119 excrevit
1123 1032 1375 1126 incendium,
1412 1046 1454 1104 ut
1488 1023 1599 1103 irrito
1621 1036 1765 1098 conatu

411 1148 672 1229 multitudinis
708 1146 829 1247 ipsum
865 1142 1087 1241 extinguere
1122 1131 1327 1216 laborantis
1363 1146 1603 1227 erumpentes
1651 1116 1761 1201 undi-

409 1276 484 1354 que
511 1253 749 1330 flammarum
775 1244 882 1351 globi
914 1268 994 1322 non
1024 1237 1230 1320 Ecclesiam
1255 1253 1440 1326 tantum,
1475 1226 1538 1305 sed
1572 1224 1610 1301 8(
1636 1240 1765 1299 totum

413 1349 794 1432 sere-Monallerium
823 1346 930 1426 brevi
957 1344 1137 1422 horarum
1164 1336 1283 1440 spatio
1310 1328 1549 1413 voraverint.
1575 1324 1635 1402 Ex
1662 1320 1765 1400 cine·

415 1455 520 1534 ribus
544 1452 731 1534 combusti
758 1448 890 1550 templi
919 1444 1032 1527 latior
1056 1444 1094 1521 8(
1120 1439 1290 1520 ornatior
1321 1430 1487 1514 Ecclefia
1518 1449 1619 1505 nova
1655 1419 1766 1500 moli-

408 1555 521 1736 }itgff
536 1554 716 1735 bisssffflt
742 1548 930 1654 elegantia
955 1543 1172 1645 structura,
1198 1536 1451 1621 &Altanum
1481 1519 1767 1630 magnificentia

427 1664 480 1757 p'
513 1682 534 1734 a
563 1657 644 1735 tis.
1126 1670 1128 1677 ’
1254 1670 1258 1675 ’

466 1733 513 1836 in
541 1757 650 1856 hujus
678 1754 901 1836 Monallerii
928 1752 1009 1834 solo
1035 1747 1226 1854 quiescere
1251 1745 1349 1825 fama
1370 1739 1591 1820 estBeatum
1608 1730 1766 1809 Petrum
1854 1756 1857 1763 *¹

410 1858 459 1937 de
480 1858 745 1973 Gambacuttis
768 1857 952 1936 Nobilem
976 1852 1152 1932 Pisanum
1174 1831 1767 1948 CongregationisEtemitarum

352 2036 354 2039 ,
411 1960 449 2037 S.
473 1958 706 2059 Hieronymi
733 1957 936 2059 piissimum
958 1954 1235 2033 Fundatotem.
1267 1948 1343 2027 Hic
1369 1969 1471 2022 anno
1491 1940 1767 2018 Mccccxxxv.

415 2060 615 2156 Veneriis,
641 2085 718 2161 quo
744 2080 865 2137 coetus
891 2054 948 2134 sui
974 2053 1080 2134 causa
1107 2050 1356 2143 concesserat,
1380 2031 1769 2123 duminSanebHie·
1898 2042 1899 2055 ¹

414 2161 571 2261 ronymi
599 2159 762 2263 bospitio
788 2180 967 2261 exceptus
993 2176 1163 2234 moratur
1188 2152 1295 2253 gravi
1322 2170 1443 2258 eoque
1472 2162 1648 2253 extremo
1671 2154 1769 2211 more
1898 2156 1899 2215 3

415 2263 471 2347 bo
496 2286 691 2364 correptus
717 2260 862 2339 meritis
888 2259 925 2337 8(
951 2255 1159 2337 virtutibus
1185 2250 1339 2354 insignis
1365 2228 1768 2345 migravrtincoesuma

415 2365 689 2442 Venerabilem
709 2363 848 2440 Virum
869 2358 1050 2438 Venetiae
1076 2353 1288 2452 accessisse,
1325 2372 1438 2451 atque
1465 2346 1506 2424 in
1543 2368 1587 2423 ea
1612 2336 1770 2419 civitate

416 2462 540 2541 sande
567 2463 791 2567 obdormisse
820 2487 934 2540 nemo
960 2458 1104 2560 estqui
1131 2454 1330 2555 ambigat.
1357 2454 1503 2528 Verum
1529 2445 1575 2523 de
1603 2441 1690 2519 loco
1718 2435 1769 2548 sc3

302 2662 331 2669 r·
415 2564 578 2740 gulture
599 2564 744 2665 questio
766 2561 851 2659 est,
886 2558 1192 2663 quandoquidem
1219 2551 1397 2635 nonnulli
1424 2550 1465 2628 in
1493 2540 1619 2626 saneti
1642 2538 1772 2618 Marci
1898 2620 1899 2629 Ν

452 2662 608 2761 ablica,
643 2666 709 2743 alii
737 2665 778 2742 in
804 2657 1224 2763 suavCongregationis
1258 2650 1491 2735 Monasterio
1518 2644 1615 2747 apud
1639 2642 1674 2719 S.
1696 2639 1771 2715 Ra·
1898 2652 1899 2725 ξ

415 2763 614 2880 phaelem,
641 2764 795 2867 plurimi
822 2788 938 2861 vero,
964 2763 1067 2864 iique
1093 2758 1264 2857 melioris
1291 2777 1413 2851 notae,
1439 2753 1480 2829 in
1501 2745 1620 2827 veteri
1632 2743 1668 2821 S.
1680 2738 1771 2817 Hie·
1898 2796 1899 2801 a

414 2866 820 2966 ronyeroemeterio
846 2867 1080 2943 tumulatum
1106 2862 1288 2939 asserunt.
1315 2860 1421 2937 lnter
1447 2876 1510 2930 eos
1537 2842 1772 2945 antiquiores

414 2966 501 3045 sunt
524 2968 661 3047 Paulus
686 2966 853 3067 Morigia
872 2966 1110 3067 Jesuatorum
1132 2952 1452 3061 Congregationis
1474 2949 1629 3049 scriptor
1643 2944 1685 3022 in
1707 2946 1772 3020 luo

413 3064 463 3144 de
485 3068 645 3168 Origine
667 3068 916 3167 Religionum
944 3067 1065 3163 libro,
1091 3065 1129 3143 8(
1150 3044 1772 3141 SilvanusRadliusCamaldulen
1895 3102 1901 3143 ,ξ

417 3164 464 3244 srs
485 3168 614 3245 Abbas
641 3169 682 3244 in
705 3169 795 3246 vitis
817 3167 1041 3245 Sandlorum
1062 3167 1340 3262 Beatorumque
1362 3152 1575 3246 Hetturiae,
1600 3145 1667 3249 qui
1695 3139 1774 3246 post
1900 3224 1901 3243 ,

205 3364 209 3373 ,
414 3287 633 3380 enarratum
656 3267 763 3344 Beati
785 3267 872 3342 Viri
892 3266 1072 3359 obitum,
1096 3265 1217 3364 ipsum
1239 3263 1282 3341 in
1303 3253 1558 3338 Sandlimonia
1567 3249 1665 3330 lium
1685 3245 1773 3324 Mo·
1900 3300 1901 3315 r

270 3400 289 3492 J
413 3365 599 3461 ¹¹³st01102
625 3366 668 3443 in
689 3391 765 3466 quo
786 3365 1191 3468 etiamnumquiescit,
1218 3363 1452 3443 tumulatum
1475 3353 1578 3434 fuisse
1601 3348 1773 3429 tradunt.
1900 3366 1901 3371 ‘

416 3464 572 3581 Horum
598 3466 774 3582 opinioni
801 3469 1040 3547 concorditer
1060 3467 1249 3546 adhaerent
1262 3461 1490 3543 recentiores
1502 3453 1639 3534 Paulus
1652 3450 1775 3527 Tron-

416 3591 523 3662 crus,
549 3566 802 3681 Bernardrnus
828 3569 1013 3667 Puccius,
1041 3572 1171 3648 Petrus
1192 3564 1463 3655 Eonacciolus,
1489 3551 1685 3634 Vislorius
1704 3548 1776 3627 Bo·

415 3665 515 3781 selus
536 3719 559 3782 ,ι
575 3670 770 3784 Antpnrus
802 3669 928 3749 Maria
950 3669 1197 3765 Bonuecius,
1223 3691 1381 3766 eamque
1409 3659 1589 3779 proinde,
1616 3674 1659 3733 ut
1687 3668 1777 3752 pote

414 3789 563 3879 purrorr
590 3789 742 3848 veritati
768 3774 997 3869 consonam,
1023 3768 1304 3886 amplediuntut
1324 3757 1586 3866 Hagrographi
1610 3758 1775 3835 Antuer·

199 3890 217 3963 ξιξ
260 3875 282 3893 ·’
349 3868 598 3967 iprenses,
625 3891 739 3971 atque
764 3897 853 3950 cum
891 3873 937 3953 iis
964 3870 1232 3951 eruditrffimus
1254 3870 1293 3945 P.
1315 3869 1477 3968 Joannes
1498 3855 1660 3958 Baptista
1681 3848 1776 3947 Saia·
1900 3928 1901 3939 ἴ

419 3965 546 4044 neilus
567 3969 732 4065 ejusdem
751 3972 791 4043 B.
815 3974 916 4051 Petri
938 3970 1261 4066 Congregarionis
1285 3970 1327 4041 in
1346 3971 1493 4041 Veneta
1515 3959 1663 4038 ditione
1687 3955 1776 4032 Pro·

420 4064 622 4162 vincialis,
643 4065 707 4167 qui
735 4088 986 4145 monumenta
1012 4068 1085 4144 suae
1096 4063 1417 4164 Congregationis
1444 4061 1514 4139 hac
1542 4055 1778 4156 illaedisper·
1900 4096 1901 4101 Ν

418 4165 663 4348 {Elgudabili
691 4168 819 4347 Ιεῑέοτε
846 4167 1027 4266 collegit,
1053 4185 1262 4265 ornatoque
1288 4165 1388 4246 libro
1409 4161 1586 4263 disposuit
1598 4155 1775 4239 Venetiis

547 4296 678 4351 annor
711 4299 731 4348 2
758 4326 767 4345 .

473 4370 620 4484 ilerum
645 4299 735 4450 cuin
756 4369 894 4481 Beatus
921 4368 1034 4447 senex
1059 4366 1353 4467 odluagesrmum
1379 4392 1524 4446 annum
1560 4387 1674 4465 agens
1701 4360 1777 4437 Ve-

422 4488 542 4601 netus
568 4495 681 4557 cutus
698 4471 763 4572 sur
789 4469 900 4572 causa
922 4469 1134 4587 appulerit,
1157 4469 1303 4555 mirum
1312 4466 1479 4572 profesio
1491 4467 1665 4558 videtur,
1683 4479 1771 4575 'non

911 4633 916 4644 .
1681 4585 1722 4641 m
