3850 5342
489 375 543 484 38
631 352 635 360 ¹
690 370 1482 460 DnMounsnnnroS.Mnn1n

468 526 576 606 Cum
600 543 729 606 autem
754 524 802 605 ad
827 520 1069 606 Venerabilis
1097 521 1184 602 Viri
1208 521 1420 624 sepulcrum
1457 523 1631 626 frequens
1654 527 1766 611 lieret

420 626 652 730 populorum
677 627 903 726 concursus,
928 624 1117 705 Nicolaus
1141 622 1357 704 deGuliola
1377 623 1419 705 in
1429 625 1688 708 Patriarchatu
1712 631 1765 709 A·

419 726 616 828 quilejensr
652 726 827 809 Vicarius
862 754 911 810 ne
946 725 1025 806 ulla
1060 724 1171 843 ipsus
1195 725 1346 828 corpori
1381 726 1578 808 veneratio
1613 728 1765 811 daretur

414 826 611 923 inhibuit,
638 854 733 931 agre
759 829 799 910 id
824 830 994 910 tulerunt
1013 826 1241 925 Utinenses,
1265 849 1492 944 quapropter
1515 828 1558 909 in
1578 828 1773 921 Civitatis

418 929 577 1009 consilio
601 930 819 1033 congregati
841 951 884 1011 ut
909 927 1113 1034 appellatio
1138 928 1383 1011 inhibitionis
1406 932 1650 1011 adnotaretur
1674 956 1765 1010 una·

417 1030 518 1110 nimi
544 1054 638 1147 voto
664 1031 901 1112 statuerunt.
926 1029 1024 1113 Aera
1048 1030 1181 1141 damus
1204 1029 1332 1134 qualit
1356 1029 1400 1113 in
1424 1029 1600 1115 Utinenfi
1624 1029 1763 1114 Archi-

417 1153 470 1211 vo
496 1150 538 1212 re
586 1133 651 1210 riri
678 1150 905 1233 potuerunt.
1345 1136 1363 1158 ¹

341 1294 345 1305 .
463 1286 492 1329 „
561 1235 703 1313 icolaus
728 1235 774 1314 de
794 1233 957 1341 ⁸Guliola
982 1233 1082 1338 Juris
1107 1232 1254 1314 Dotion
1279 1231 1323 1312 in
1343 1230 1591 1314 Pattietehali
1609 1232 1767 1332 Dicuce·⁴

411 1384 441 1428 „
465 1331 493 1410 fi
513 1333 741 1435 Aquileiensi
762 1336 857 1415 Sede
882 1358 1042 1422 vacante
1053 1334 1250 1416 Viccarius
1270 1337 1508 1437 Deputatus:
1542 1333 1766 1430 universis,

411 1485 440 1530 „
465 1432 503 1513 8(
529 1433 683 1536 singulis
708 1437 904 1539 utriusque
930 1440 1036 1517 sexus
1057 1435 1276 1536 Fidelibus,
1301 1435 1343 1517 in
1369 1435 1519 1538 praesata
1529 1434 1762 1539 Aquileiensi

409 1585 439 1629 „
464 1535 630 1616 Dioecefi
655 1538 934 1637 residentibus,
959 1541 1024 1619 seu
1049 1536 1096 1617 ad
1121 1562 1206 1617 eam
1233 1535 1475 1618 venientibus
1495 1592 1526 1637 ,.
1542 1535 1680 1640 quibus
1704 1561 1762 1618 eae

411 1687 441 1730 ‚,
467 1634 597 1718 nostrae
622 1637 776 1719 Littetae
801 1640 1044 1741 diriguntur,
1068 1637 1239 1720 Salutem
1265 1641 1308 1720 in
1329 1637 1538 1733 Domino,
1561 1638 1601 1720 8(
1626 1636 1763 1718 nostris

409 1785 439 1832 ‚,
464 1735 682 1837 hujusmodi
707 1741 809 1821 haud
834 1741 1046 1824 inconsulte
1072 1740 1255 1821 emonatis
1280 1740 1442 1821 fimtiter
1464 1740 1646 1819 obhedire
1671 1763 1765 1840 prae·

409 1885 438 1931 „
464 1839 604 1940 ceptis.
632 1841 868 1954 QuiaSacrae
888 1842 1032 1942 Leges,
1057 1840 1304 1924 &Canonica
1323 1841 1403 1941 jura
1422 1837 1561 1935 variis,
1584 1836 1762 1922 &diver-

407 1986 437 2032 „
463 1935 507 2051 fis
533 1940 576 2018 in
601 1940 696 2019 locrs
721 1938 983 2039 detestantur,
1017 1941 1061 2021 8(
1081 1941 1288 2058 prohibent
1323 1941 1489 2042 aliquem
1524 1963 1593 2041 pro
1621 1937 1763 2020 Saudo

405 2085 434 2139 „
460 2035 628 2136 haberi,
653 2040 718 2120 seu
742 2039 951 2137 venerari,
977 2043 1039 2122 vel
1066 2067 1101 2122 et
1127 2044 1330 2146 publicas,
1355 2043 1393 2122 8(
1417 2040 1604 2122 solemnes
1628 2065 1760 2143 preces

407 2186 436 2231 ‚,
460 2138 637 2241 porrigi,
672 2139 743 2220 nili
770 2141 872 2244 prius
897 2140 964 2222 ille
991 2142 1077 2225 talis
1102 2170 1168 2247 per
1188 2145 1393 2225 Summum
1419 2140 1680 2239 Pontificem,
1717 2141 1759 2225 8(

350 2302 354 2309 .
405 2287 434 2332 „
459 2239 717 2339 Apostolicam
738 2243 873 2324 Sedem
899 2243 1013 2324 suerit
1037 2270 1106 2348 pto
1126 2244 1224 2327 Viro
1234 2244 1372 2327 Sandio
1391 2270 1438 2347 ap
1464 2245 1640 2342 robatus,
1664 2241 1757 2323 &in

408 2388 436 2431 „
461 2337 1088 2447 cathalogorelnnssmelornm,
1113 2348 1214 2445 nii,
1234 2346 1300 2450 qui
1310 2348 1413 2427 secus
1437 2345 1581 2443 aciunt,
1591 2342 1758 2447 grantes

407 2487 435 2531 „
460 2463 641 2553 peccant,
666 2446 704 2525 8(
728 2444 772 2525 in
797 2468 992 2527 erroneam
1017 2449 1058 2527 su
1108 2449 1318 2529 rliitionem
1343 2448 1449 2550 (quae
1469 2448 1686 2527 damnatam
1706 2444 1758 2522 sa·

408 2587 437 2639 „
462 2561 518 2639 ptt
543 2541 746 2645 haeresrm)
771 2546 967 2629 manifeste
992 2575 1061 2654 pro
1077 2554 1262 2631 abuntur.
1289 2550 1383 2647 Ideo
1407 2549 1453 2627 ad
1478 2547 1753 2629 occurrendum

409 2691 439 2739 „
464 2639 688 2759 detestandis
714 2647 929 2747 erroribus,
953 2651 1021 2753 qui
1046 2674 1179 2733 contra
1204 2650 1353 2755 prasata
1379 2649 1482 2751 jura,
1507 2650 1546 2730 8(
1570 2674 1649 2730 non
1675 2643 1752 2761 sine

408 2765 676 2838 „animarum
702 2749 919 2832 discrimine
944 2751 1128 2853 proximis
1153 2752 1286 2834 diebus
1311 2752 1412 2833 circa
1436 2753 1588 2854 Corpus
1613 2751 1756 2830 Fratris

405 2892 435 2941 „
460 2841 733 2931 Bonaventurae
757 2875 779 2929 a
799 2851 919 2934 barba
944 2852 1208 2971 cognominati
1230 2853 1386 2935 Ordinis
1404 2854 1607 2934 Servorum
1620 2849 1662 2928 in
1681 2849 1757 2927 Ec·

404 2994 434 3038 „
458 2943 567 3026 clesut
598 2950 821 3032 Sanbiorum
847 2953 1015 3035 Gervasu
1050 2955 1089 3035 8(
1111 2953 1267 3035 Protafii
1293 2956 1339 3036 de
1365 2954 1488 3036 Utino
1512 2952 1751 3031 tumulatum

402 3095 432 3139 ‚,
456 3049 645 3166 commisii
669 3053 739 3135 esse
766 3053 982 3153 ducuntur,
1007 3056 1046 3137 8(
1072 3056 1114 3137 in
1139 3056 1219 3139 dies
1245 3057 1397 3161 publice
1422 3051 1645 3149 committi:
1671 3049 1752 3128 Ha·

397 3195 427 3245 „
452 3169 545 3263 rum
575 3149 702 3249 serre,
737 3177 829 3252 quas
861 3156 988 3257 primo
1023 3157 1065 3236 in
1096 3158 1264 3239 Ecclesra
1295 3154 1438 3256 Maiori
1467 3151 1675 3248 Utinensr,
1707 3149 1748 3265 8(

401 3296 430 3342 „
455 3245 548 3361 alrhr
576 3271 688 3351 prout
714 3252 921 3353 expedierit
946 3255 1050 3359 legi,
1074 3258 1325 3358 &infinitam
1350 3257 1533 3339 &deinde
1554 3255 1597 3335 in
1616 3252 1753 3357 Valvrs

401 3395 430 3440 „
455 3348 647 3463 ejusdem,
671 3352 878 3437 &aliarum
889 3355 1143 3441 Ecclesrarum
1154 3364 1201 3441 ad
1223 3359 1430 3443 tollendam
1441 3356 1621 3437 omnibus
1642 3352 1752 3455 igno·

400 3495 428 3541 „
454 3467 585 3563 tantiae
611 3454 892 3538 excusationem
918 3459 1024 3562 affigi
1049 3462 1262 3559 volumus,
1287 3458 1589 3554 Interdicimus,
1621 3455 1660 3534 8(
1685 3476 1751 3532 au·

403 3597 431 3642 „
455 3543 654 3650 bonitate,
679 3580 753 3657 qua
779 3556 844 3637 fun
873 3558 976 3641 imur
1001 3565 1164 3668 expresse
1189 3561 1410 3643 inhibemus
1435 3558 1548 3639 vobis
1567 3552 1750 3637 universis

404 3696 433 3741 n
457 3645 527 3728 sub
551 3676 664 3770 poeno
686 3585 907 3760 Interdieii,
930 3664 972 3744 8(
995 3663 1152 3766 singulis
1177 3662 1369 3744 vestruum
1391 3663 1459 3742 sub
1479 3679 1751 3766 poenaexcom·

401 3797 431 3841 „
456 3757 728 3841 municattonis
749 3762 1060 3863 lataesenteutiae,
1083 3789 1200 3944 ppam
1212 3788 1397 3862 exnunc,
1423 3788 1489 3864 pro
1510 3783 1553 3842 ut
1574 3781 1752 3851 extunc,

401 3897 430 3943 „
454 3846 491 3926 8(
517 3876 538 3931 e
563 3877 696 3939 contra
721 3860 831 3943 serim
902 3864 944 3944 in
970 3892 1062 3961 uos,
1150 3863 1343 3943 vesttuum
1361 3864 1572 3966 quemlibet
1589 3860 1751 3973 inhobe-

401 3999 431 4044 „
454 3947 624 4035 drentem
649 3958 691 4039 in
717 3963 777 4044 his
808 3965 855 4044 Sc
890 3964 966 4069 ptis
991 3965 1092 4044 trina
1122 3964 1324 4046 Canonica
1349 3965 1565 4047 monitione
1591 3955 1751 4066 ptaesnrs·

401 4099 429 4145 n
453 4048 510 4131 sa:
538 4057 657 4238 (ἔξω
675 4060 851 4166 deinceps
870 4064 1002 4145 nullus
1021 4064 1180 4165 audeat,
1207 4069 1271 4148 vel
1290 4066 1486 4169 ptaesumat
1505 4062 1647 4137 dictum
1661 4056 1748 4134 Fra·

398 4200 426 4247 „
452 4170 548 4235 trem
616 4184 865 4245 neventuram
878 4191 947 4266 pro
957 4163 1084 4248 sensio
1094 4167 1291 4265 venerari,
1316 4187 1381 4246 aut
1399 4164 1436 4244 ei
1446 4182 1596 4264 preces,
1620 4155 1746 4243 &ho-

398 4301 427 4346 „
451 4277 560 4338 notes
586 4261 644 4341 uti
665 4265 802 4344 Sandio
827 4266 1005 4367 publice,
1030 4266 1095 4346 vel
1114 4267 1336 4351 solemniter
1353 4264 1555 4355 exhibere,
1580 4257 1644 4337 seu
1666 4258 1746 4334 Tu·

399 4355 601 4449 „mulum
626 4362 705 4457 ejus
733 4365 903 4453 visitare,
927 4364 1004 4438 five
1029 4387 1119 4442 ante
1145 4368 1267 4465 ipsunt
1292 4388 1417 4469 genua
1441 4383 1621 4460 curvare,
1640 4358 1741 4438 Can·

1564 4517 1595 4564 „
1618 4462 1695 4555 del·
