3850 5342
408 419 648 500 Onoruts
675 418 966 500 Sannorum
993 416 1033 496 B.
1055 414 1113 497 M.
1135 414 1183 494 V.
1363 415 1411 492 81

134 552 221 611 uerte
240 546 340 607 Maria
360 546 444 607 causa
464 547 627 607 devotionis
642 548 687 606 vel
702 567 768 607 ora·
820 552 901 611 mino
921 549 1099 617 relaxamus,
1118 542 1293 604 remittimus
1313 542 1461 622 &imper-

133 628 216 685 tionit
235 625 421 696 accesserint,
440 625 467 681 dt
480 627 529 700 qui
553 645 606 700 pro
618 625 771 684 conserta·
820 630 925 698 timue,
946 621 1126 700 presentibus
1140 624 1169 678 in
1192 635 1359 697 perpetuum
1374 621 1460 682 dura-

133 706 209 763 tione
229 716 488 773 ornamentorum,
509 721 543 760 ac
564 700 679 760 fabrica
699 699 769 774 ejus-
822 704 910 763 ruris.
931 707 1100 777 inquorum
1122 695 1247 755 fidem&
1267 695 1462 757 testimonium

135 780 195 837 dem
215 776 346 836 Ecclefia
367 796 467 837 manus
488 780 670 852 porrexerint
690 777 770 850 adiu·
822 781 873 840 has
893 778 1042 855 presentes
1062 774 1176 833 litterar
1190 771 1294 831 confici
1315 773 1466 833 mandari·

133 856 239 913 trices.
266 858 325 912 Aut
351 854 400 930 qui
428 854 501 931 aliar
522 855 615 913 eidem
632 846 772 912 'Ecclefiae
822 875 909 927 mus,
936 853 1088 929 Nostrique
1108 847 1193 926 sigilli
1215 849 1338 923 jullimur
1358 870 1467 926 appen-

133 933 282 1007 quicquam
299 929 411 987 suarum
433 928 606 989 facultatum
623 949 774 1009 errogrve·
824 932 901 991 smne
914 928 1103 990 communiri.
1123 931 1230 984 Datum
1246 926 1373 984 Veneriis
1387 944 1467 986 anno

134 1008 218 1079 rint,
246 1006 292 1064 seu
313 1004 340 1063 le
361 1006 493 1079 averint,
523 1007 775 1084 quotienscumque
825 1009 1022 1069 iNativitate
1035 1004 1152 1063 Domini
1167 1000 1318 1061 millesimo
1331 1003 1468 1078 quadrin-

135 1083 285 1159 ptamilla,
305 1024 359 1140 uel
373 1080 489 1157 aliquod
510 1082 711 1158 praemissorum
735 1084 776 1141 fe·
861 1082 982 1142 ntesrmo
1003 1077 1236 1160 quinquagesimo
1251 1079 1340 1137 tertio
1353 1079 1400 1135 die
1415 1099 1469 1137 un·

135 1162 225 1218 ceriut
247 1159 282 1217 de
301 1159 520 1232 Omnipotentis
542 1162 595 1218 Dei
617 1160 774 1218 misericor·
847 1163 938 1219 ecima
972 1157 1073 1217 mensis
1101 1153 1245 1232 Augusti.
1278 1153 1468 1214 {terrificatur

134 1234 208 1306 dia,
236 1235 434 1294 &Beatorttm
458 1237 532 1293 Petri
552 1237 578 1293 tr
600 1235 678 1293 Pauli
702 1245 775 1311 Apo·
825 1234 993 1296 Sanslillimi
1013 1238 1043 1293 in
1057 1230 1172 1289 Chrillo
1189 1232 1279 1289 Patris
1299 1230 1325 1287 u
1346 1234 1470 1291 Domini

135 1308 267 1371 stolorum
288 1312 348 1386 ejus
368 1310 541 1370 austeritate
561 1312 681 1383 confisi,
701 1315 776 1370 Cen·
827 1313 922 1371 Nostri
950 1308 1124 1370 articulat
1152 1308 1260 1368 Divina
1286 1306 1472 1384 providentia

135 1402 194 1445 tum
222 1385 553 1467 dies',indulgentiarum
580 1388 615 1446 de
642 1386 777 1461 injunciir
829 1394 879 1466 Pp.
897 1392 933 1447 V.
953 1406 1030 1449 anno
1049 1384 1192 1461 Septimo.

135 1463 175 1521 tit
204 1465 388 1539 poenitentiit
416 1463 640 1524 misericorditer
667 1466 696 1522 in
718 1469 777 1522 Do·

133 1611 1478 1721 mammeammmrammmmuunm

131 1803 262 1905 Petrus
280 1787 1044 1906 Cardinalt'sRiariusLegatusApostolicur
1064 1796 1272 1905 Primatum
1292 1798 1329 1868 S.
1341 1791 1478 1901 Cathe-

177 1921 269 1971 rrnae
299 1890 345 1971 de
362 1888 490 1992 Insula
507 1888 829 2008 justinopolitanae
851 1897 1024 1996 Dtoecestt
1047 1901 1267 1999 monasterio
1291 1900 1327 1968 S.
1342 1898 1476 2027 liseria

132 2095 161 2160 K
182 2004 383 2074 Servorum
404 1992 449 2072 de
469 2001 628 2077 Venetus
640 2003 814 2095 perpetuo
831 1995 914 2075 unit
932 1995 983 2076 O*
995 1996 1178 2078 adnectit.

593 2217 717 2298 1473.
747 2217 791 2297 7.
825 2187 1035 2273 Odlobtic.

309 2372 352 2428 Ex
373 2368 560 2449 autographo
580 2369 610 2429 in
631 2368 759 2429 Archivo
778 2370 944 2430 Monasterii
966 2373 992 2428 8.
1012 2373 1112 2431 Maria
1132 2374 1300 2430 Servorum.

31 2594 42 2612 .
133 2490 284 2666 PEtt'uo
303 2530 487 2597 miseratione
518 2534 626 2592 Divina
649 2533 738 2593 titulo
756 2539 786 2593 S.
834 2537 968 2593 i’rioratu
989 2534 1062 2593 laete
1082 2536 1184 2612 sponte
1210 2535 1237 2592 u
1259 2531 1349 2591 libere
1369 2531 1398 2590 in
1420 2548 1494 2595 mcv

208 2608 282 2663 sixti
305 2610 492 2669 sacrosancta
525 2615 659 2667 Romanae
687 2611 785 2670 Eccle·
837 2611 920 2670 nibut
941 2611 1042 2670 nostrie
1063 2613 1175 2671 cesserit
1196 2612 1222 2668 dt
1245 2609 1482 2684 renuntiaverit,

134 2679 178 2739 lire
202 2681 306 2740 l‘raerb·
327 2687 496 2745 cardinalis
524 2687 691 2745 Patriarcha
712 2692 787 2746 Con·
837 2687 951 2764 Nosque
973 2687 1123 2747 cessionem
1145 2686 1232 2764 ipsam
1247 2685 1409 2744 duxerimus
1428 2685 1482 2744 ad-

135 2757 437 2832 stantinopolitanur·‚
457 2765 519 2837 (a)
543 2767 682 2821 Necnon
706 2768 787 2823 Peru·
837 2765 1035 2836 mittendam,
1056 2784 1089 2823 ac
1111 2767 1257 2823 Prioratus
1278 2760 1359 2837 ipse,
1386 2759 1496 2822 adhuc-

135 2831 167 2891 sll
186 2877 195 2904 2
214 2836 349 2909 Tusciae,
380 2838 581 2911 Lombardiae,
602 2842 787 2899 Veneriorum
838 2859 874 2899 co
893 2840 1032 2918 quodum
1054 2841 1145 2900 eidem
1163 2839 1318 2899 Dominico
1338 2856 1484 2898 commen·

135 2908 190 2968 dc.
211 2910 289 2968 Sedis
307 2914 473 2985 Apostolicae
489 2916 599 2992 legatur
614 2916 722 2975 diledlo
733 2935 788 2975 no·
837 2916 922 2976 <latus
949 2916 1069 2988 existit,
1095 2917 1182 2975 modo
1201 2934 1305 2974 uacare
1328 2916 1485 2975 noscatur.

135 2983 180 3043 uis
202 2988 233 3043 in
256 2989 369 3047 Christo
400 2996 446 3049 Fr.
468 2997 572 3049 Marco
592 2993 697 3068 Georgi
720 2996 786 3050 Pro·
839 2998 898 3051 Nos
925 3011 1025 3050 verum
1046 2993 1072 3048 ἃ
1094 2991 1228 3050 ultimum
1256 2989 1371 3048 modum
1401 3010 1485 3051 vaca·

67 3116 69 3121 ,
134 3061 258 3120 vinciali
279 3066 391 3122 ordinis
413 3071 565 3124 Servorum
586 3072 612 3123 S.
635 3068 735 3124 Maria
753 3085 788 3125 ac
839 3068 930 3125 rionis
948 3067 1018 3125 dieti
1034 3069 1206 3138 Prioratur,
1227 3068 1316 3124 etiam
1337 3064 1358 3124 fi
1379 3084 1414 3122 ex
1430 3066 1485 3127 illo

134 3137 288 3197 Fratribus
315 3143 500 3199 Veneriorum
530 3141 652 3213 ejusdem
679 3141 788 3200 ordinis
838 3143 981 3219 generalis
1002 3142 1158 3222 resignatio
1179 3140 1347 3213 resultaret,
1369 3139 1486 3217 prasert-

136 3214 269 3273 Salutem
290 3215 316 3271 ἃ
335 3215 474 3274 sinceram
496 3219 523 3273 in
546 3219 673 3275 Domino
693 3220 788 3276 chari·
840 3218 917 3278 tibur
938 3238 992 3294 pto
1012 3218 1145 3296 exptellir
1166 3218 1321 3290 habentes,
1342 3235 1376 3277 ac
1390 3218 1485 3278 eidem

135 3303 252 3350 tatem.
275 3291 331 3369 iliis
343 3290 501 3367 supplicum
514 3296 590 3351 votis
605 3310 720 3372 gratum
735 3315 788 3353 noe
839 3296 935 3354 ordini
956 3295 1049 3354 vestro
1069 3296 1104 3356 de
1126 3295 1178 3355 reli
1201 3297 1274 3354 ionic
1292 3292 1372 3367 zelo,
1392 3293 1486 3355 studio

136 3365 223 3423 decet
250 3366 377 3441 praeliare
399 3368 552 3442 assensum,
572 3370 599 3427 lit
622 3386 653 3429 ut
673 3390 706 3428 ea
727 3391 788 3449 quae
840 3371 1041 3445 scientiarum,
1063 3372 1129 3432 fidei
1143 3389 1191 3432 ort
1212 3369 1486 3432 orlorraelincetitute

135 3442 241 3501 Divini
257 3442 351 3500 cultus
370 3448 608 3525 propagationem
631 3446 788 3523 respiciunt
839 3448 957 3525 aliisque
975 3451 1115 3509 virtutum
1130 3452 1244 3508 meritis
1257 3444 1333 3522 apud
1349 3466 1399 3505 nos
1407 3446 1483 3506 mul·

137 3534 278 3595 optatum
309 3518 470 3580 sorciantur
505 3521 634 3581 effectum
664 3523 789 3583 libenter
841 3526 983 3601 tipliciter
1003 3525 1206 3585 commendato
1227 3525 1262 3583 de
1282 3521 1404 3597 alicujus
1424 3523 1489 3582 sub·

139 3594 356 3669 interponimus
376 3597 581 3657 sollicitudinis
602 3598 701 3658 nostrae
723 3621 788 3675 par·
840 3605 988 3660 ventionic
996 3603 1105 3661 auxilio
1120 3601 1269 3679 providere
1285 3599 1402 3671 volem,
1417 3618 1487 3676 prer-

139 3681 200 3729 tet.
218 3676 297 3730 Cum
313 3675 410 3752 itaque
424 3675 544 3734 dilectus
559 3674 654 3734 noster
668 3678 790 3735 inclini·
841 3677 947 3737 ditium
968 3682 1131 3738 l‘rioratum
1150 3723 1158 3752 ‚
1185 3679 1233 3755 qui
1256 3675 1314 3735 sme
1335 3695 1404 3735 cura
1424 3676 1488 3750 esi,

141 3744 185 3805 llo
206 3750 378 3809 Dominicur
400 3752 570 3811 l’avanellus
584 3752 620 3811 de
641 3751 736 3813 Padua
750 3754 791 3826 iu·
842 3754 956 3831 eiusque
987 3755 1095 3813 stutiur
1122 3755 1250 3814 redditur
1276 3754 1302 3810 dt
1332 3767 1489 3829 proventus

139 3824 179 3880 tir
198 3826 337 3897 Doflor,
364 3829 634 3888 Commendatariuo
662 3829 791 3889 Ecclesiae
843 3832 949 3910 viginti
964 3833 1154 3891 Florenorum
1176 3835 1238 3891 auri
1259 3830 1294 3887 de
1310 3832 1434 3889 Camere
1448 3829 1490 3887 se·

142 3896 202 3958 five
223 3901 374 3961 Prioratur
393 3908 419 3960 S.
443 3906 608 3965 catharina
634 3904 670 3963 de
698 3906 794 3965 Insula
845 3908 973 3967 cundum
988 3926 1168 3985 communem
1184 3906 1426 3967 existimationem
1440 3921 1490 3964 ve·

143 3976 393 4052 Juslinopolitauae
414 3980 540 4038 Diocesie
559 3980 676 4038 Ordinis
696 3987 723 4040 S.
744 3986 796 4041 Be·
845 3982 938 4043 lorem
953 4003 1079 4044 annuum
1094 4004 1151 4043 non
1168 3983 1325 4052 excedunt,
1347 3980 1404 4039 stuc
1419 3999 1491 4057 pta·

143 4051 274 4124 nedisli,
295 4054 386 4131 &qui
408 4054 515 4114 dudum
536 4055 712 4116 Monialibue
725 4077 795 4118 con·
846 4060 930 4120 millo
950 4059 1008 4118 srve
1028 4058 1102 4119 aliar
1130 4063 1233 4135 quouis
1253 4054 1342 4116 modo
1368 4069 1420 4116 aut
1440 4075 1493 4131 per

143 4126 297 4263 screb÷tut
316 4131 461 4266 efferenda
481 4130 589 4192 dudum
609 4132 661 4193 fibi
682 4135 718 4196 de
736 4133 797 4213 ipso
847 4136 1025 4198 consimilem
1045 4135 1114 4196 dieti
1135 4135 1280 4195 Dominici
1300 4133 1396 4209 ,sive
1411 4131 1492 4222 ‘alte-

255 4227 313 4265 omo
362 4251 371 4266 .
1142 4219 1165 4272 L
1394 4226 1454 4266 rrue

146 4309 184 4372 (a
195 4312 320 4384 icum
336 4315 476 4367 Cardinolir
491 4317 591 4367 Riariue
607 4318 736 4371 Soonenflr
752 4335 783 4370 ex
798 4318 893 4369 Ordine
916 4317 1042 4369 Minorum
1070 4318 1135 4368 Sitti
1153 4318 1196 4367 lv.
1212 4319 1300 4382 Nepet
1315 4312 1345 4362 de
1360 4325 1408 4376 quo
1425 4281 1492 4375 ugi.

214 4392 243 4422 ¹²¹
261 4377 411 4444 l“⁶¹¹l‘l'ls0·
429 4383 582 4431 Florentinie
598 4384 623 4434 a
639 4384 773 4436 ciaconius
787 4382 863 4434 mfiur
878 4383 1034 4447 loquuntur.
1048 4384 1104 4433 Hoc
1113 4379 1307 4434 rnnoienetire
1322 4371 1440 4430 ueremur
1456 4387 1493 4428 tt·

151 4492 155 4499 .
211 4440 294 4496 fletur
310 4442 484 4508 suprtrelatum
499 4445 630 4513 Diploni,

384 4645 394 4675 ι
467 4644 471 4651 .
