3850 5342
503 434 588 520 174
724 417 804 501 Dis
836 417 1211 527 Monisrizitio
1241 422 1279 506 S.
1312 423 1510 505 Maniae
1631 524 1636 529 Ι

406 562 581 643 ‘milium
607 557 788 648 reditibus
814 570 860 648 ad
885 542 1192 652 sustentationem
1212 573 1258 651 ad
1300 592 1427 668 varet,
1454 569 1623 672 quiedam
1645 564 1781 668 pradia

431 665 497 745 seu
522 664 649 746 vineas
667 694 790 847 prope
816 672 997 753 Clodiam
1024 673 1154 774 positas
1181 596 1298 752 licclu

1269 673 1345 774 estae
1375 668 1421 751 de
1447 667 1651 751 cruciariis
1680 666 1780 746 ama
1907 676 1908 681 ’

434 766 616 853 memoria
638 777 736 848 Ceti
759 826 773 868 ,
799 774 909 874 pleno
937 777 975 854 8(
1001 775 1241 855 irrevocabili
1268 775 1345 875 jure
1372 773 1546 870 dimisit,
1572 768 1784 852 donationis

434 869 606 982 tabulam
632 894 790 972 rogante
817 875 953 956 Marco
964 875 1137 957 Ecclesia
1158 878 1195 956 S.
1206 875 1389 957 Leonardi
1404 876 1629 978 Presbytero
1654 873 1783 984 &Np-

430 980 528 1047 tario
555 995 657 1053 anno
675 973 877 1057 millesimo
896 977 1098 1059 centefimo
1119 978 1385 1081 septuagesimo
1406 979 1532 1056 mense
1556 975 1781 1087 Decembris

432 1069 714 1150 Indidioneiv.
733 1101 814 1175 quat
841 1077 914 1176 jam
940 1079 1099 1160 initium
1124 1083 1279 1160 duxerat
1305 1108 1328 1158 a
1352 1079 1534 1159 Kalendis
1545 1074 1778 1157 Novembris

434 1169 541 1269 (A),
577 1175 765 1275 Quamvis
788 1201 918 1259 autem
943 1208 992 1262 eo
1016 1182 1130 1261 etiam
1157 1182 1293 1262 saeculo
1312 1179 1502 1263 Crucifeti
1524 1178 1592 1259 sibi
1612 1199 1785 1291 arrogan-

334 1298 336 1303 ·
430 1290 489 1350 tes
515 1277 777 1374 tamquamue
811 1282 963 1382 proprio
989 1283 1136 1363 Ordine
1161 1283 1305 1363 dietum-
1357 1283 1512 1387 uidquid
1538 1281 1586 1359 de
1619 1278 1780 1379 hospita·
1907 1308 1908 1377 i

217 1394 222 1405 ’
428 1370 528 1451 lium
564 1373 782 1457 fundatione
808 1382 1029 1485 ubicunque
1051 1385 1216 1488 legitur,
1242 1309 1395 1465 exordia
1428 1385 1493 1462 sua
1527 1409 1549 1460 a
1577 1383 1613 1459 S.
1639 1376 1784 1493 Cleri,

428 1497 547 1573 quein
576 1477 829 1560 Fundatorem
855 1482 1065 1583 jallabant‚
1091 1489 1326 1589 temporibus
1353 1503 1590 1588 repeterent,
1611 1482 1717 1582 quod
1741 1503 1783 1555 in

428 1572 507 1674 ipsa
531 1602 681 1679 quoque
708 1581 953 1665 Bonishaveri
990 1589 1202 1669 donatione
1234 1588 1442 1668 notandum
1469 1586 1611 1681 venit,
1644 1604 1781 1662 revera

379 1756 383 1761 ,
429 1695 558 1794 tamen
577 1680 796 1763 Cruciferos
820 1705 916 1768 tunc
939 1690 1120 1792 temporis
1147 1690 1310 1791 religiosi
1337 1687 1496 1768 Ordinis.
1518 1686 1680 1800 lormat'n
1703 1709 1782 1763 non

432 1774 602 1857 habuilie
626 1802 731 1861 certo
757 1787 896 1868 certius
923 1790 1095 1870 videtur.
1121 1793 1402 1872 Commentum
1429 1791 1541 1890 plane
1565 1788 1618 1865 est
1646 1808 1778 1863 imma-

433 1876 588 1976 ginariae
615 1884 855 1985 antiquitatis
878 1891 1048 1988 assertio,
1072 1918 1146 1992 qua
1172 1894 1211 1971 se
1234 1920 1257 1970 a
1281 1894 1400 1971 Cleto
1420 1894 1599 1994 Romano
1624 1885 1780 1964 Pontifi-

435 2003 480 2055 ce
505 1978 702 2081 fundatos,
728 1986 766 2063 8(
792 2013 812 2064 a
834 1990 1003 2091 cyriaco
1028 1994 1353 2094 lerosolymorum
1380 1990 1626 2085 Patriarcha‚
1660 2012 1779 2087 quum

429 2076 578 2195 Helena
599 2084 843 2167 Constantini
869 2114 992 2171 mater
1007 2094 1182 2174 'Crucem
1210 2096 1398 2190 invenit,
1429 2092 1654 2171 instauratos
1676 2086 1779 2166 fitille

338 2228 341 2237 -
429 2178 678 2297 gloriantur·⁶
700 2188 916 2272 Alexander
939 2197 1009 2274 Ill.
1037 2195 1103 2296 qui
1123 2199 1263 2276 Romae
1300 2197 1392 2276 sedit
1420 2200 1544 2274 Anno·
1569 2218 1676 2306 1159.
1693 2213 1781 2305 ‚cer-

426 2299 506 2393 tant
533 2286 689 2364 vivendi
714 2295 954 2377 normam&
978 2297 1149 2395 regulam
1175 2298 1394 2400 Crucigeris
1421 2297 1562 2390 dedit,
1596 2319 1663 2394 qut
1688 2316 1780 2405 Jam·

427 2381 515 2460 inde
542 2386 590 2463 ab
616 2390 918 2489 expeditionibus
944 2396 985 2475 in
1008 2400 1168 2479 Terram
1190 2400 1364 2479 Sanciam
1386 2400 1496 2477 nullo
1517 2397 1619 2475 inter
1638 2395 1677 2472 se
1697 2417 1780 2506 vin-

428 2481 523 2559 culo
539 2490 706 2601 connexi
729 2491 773 2571 in
793 2496 958 2575 Urbium
980 2500 1241 2582 Xenodochiis
1261 2501 1527 2581 ministrabant
1547 2494 1696 2597 aegrotis
1706 2516 1780 2592 pri·

427 2604 495 2658 mo
521 2586 732 2699 militibus,
756 2615 842 2673 tum
862 2599 1192 2701 etiamomnibus,
1213 2605 1253 2683 8(
1269 2627 1420 2685 crucem
1432 2626 1549 2679 manu
1562 2596 1779 2708 gestabant,

427 2680 466 2795 8(
491 2685 653 2807 vestibus
678 2700 936 2808 apponebant.
964 2704 1062 2782 Haec
1083 2705 1169 2785 satis
1195 2708 1375 2806 superque
1401 2702 1573 2783 conliant
1591 2724 1640 2779 eir
1658 2697 1776 2813 santo·

423 2784 534 2897 ribus·
551 2790 734 2891 Crataeis,
758 2797 795 2875 8(
821 2804 1119 2887 accuratioribus
1147 2806 1312 2888 historiae
1333 2804 1590 2886 eccleliasticur
1613 2803 1777 2897 Scripto-

421 2885 546 3002 ribus·.
573 2892 656 2991 Jam
684 2921 777 2977 vero«
800 2921 949 2982 certum
975 2905 1105 2990 estex
1120 2909 1279 2989 Venetis
1299 2906 1562 3007 Chronologis
1582 2904 1629 2981 ad
1655 2921 1775 2977 unum

424 2991 603 3071 omnibus
635 2996 857 3112 Cruciseros
883 3007 1057 3090 Venetiis
1083 3010 1255 3090 admillos
1280 3011 1391 3089 Duce
1428 3006 1644 3087 Dominico
1665 3000 1781 3077 Mau·

420 3108 561 3203 roceno
581 3148 598 3189 ,
621 3122 687 3195 qur
726 3104 823 3182 obiit
851 3108 966 3187 Auno
991 3119 1101 3211 1156,
1123 3112 1271 3192 scilicet
1295 3112 1465 3191 triennio
1499 3129 1587 3186 ante
1611 3104 1777 3185 Alexan·
1907 3164 1908 3173 κ

422 3188 479 3266 dri
503 3194 582 3305 lll:
599 3198 892 3302 alsumptionem
915 3210 963 3288 ad
988 3213 1093 3291 Petri
1112 3214 1274 3292 Sedem.
1747 3218 1752 3239 '

451 3290 646 3398 ‘Primum
673 3299 747 3382 hoc
776 3307 988 3409 Templum
1012 3314 1238 3416 Crucigeris
1259 3317 1392 3395 datum
1417 3314 1613 3393 teterrimo
1640 3309 1773 3388 inem·

422 3385 489 3500 dl⁰
514 3396 781 3518 consumptum
808 3407 880 3489 fuir
893 3416 1007 3495 Anno
1024 3445 1129 3515 1214.
1156 3417 1218 3496 die
1230 3442 1265 3495 x.
1287 3417 1476 3518 Januarii,
1497 3435 1539 3493 ut
1551 3415 1663 3492 docet
1684 3431 1774 3486 mss.

350 3605 354 3613 ι
422 3484 579 3572 historia
605 3501 759 3584 Ordinis
794 3511 1118 3614 Crucilerorum,
1143 3544 1230 3619 quar
1252 3520 1293 3597 in
1318 3517 1561 3597 Bibliotheca
1588 3515 1662 3591 Pit
1686 3510 1771 3588 Soc·

416 3587 505 3684 lesu
528 3598 749 3683 afferretur.
775 3610 936 3694 Novum
964 3617 1084 3718 igitur
1105 3620 1317 3721 Templum
1342 3619 1511 3700 eremum
1532 3617 1585 3697 est
1601 3611 1704 3715 quod
1725 3607 1773 3684 ad

259 3724 261 3727 ·
419 3690 541 3810 nostra
568 3702 683 3801 usque
708 3728 877 3812 tempora
902 3719 1147 3817 perduravit,
1169 3724 1294 3801 donec
1317 3746 1364 3799 eo
1389 3722 1518 3801 diruto
1539 3711 1736 3809 reson]
1759 3754 1775 3767 ·

419 3811 462 3864 su
489 3795 594 3876 aliud
620 3805 830 3907 elegantius
853 3817 1148 3901 substituerunt.

454 3893 862 4015 Annoullslcciiriidie
874 3947 907 4019 3.
920 3921 1065 4000 Mensis
1076 3911 1775 4002 MaiiF..VincentiusPriorEcclefiae

418 3987 454 4066 S.
476 3994 611 4081 Maria
633 4009 921 4121 Crucilerornm
947 4022 1016 4099 fibi
1043 4021 1293 4123 conftntiertte
1312 4032 1361 4103 i).
1383 4019 1570 4127 Ray‘nerio
1589 4029 1696 4096 Gerra
1711 4024 1774 4092 In-

337 4118 342 4129 ·
416 4083 516 4210 Clyto
538 4109 773 4190 [scaenarum
791 4124 898 4196 Duce
915 4120 1024 4199 ailla
1043 4117 1208 4223 Ecclefiae
1229 4133 1266 4201 S.
1280 4123 1413 4202 Maria
1437 4128 1662 4203 advocatore
1681 4140 1770 4195 ven·

415 4191 511 4275 didit
546 4203 584 4284 8(
611 4213 846 4295 transadlavit
874 4221 1025 4300 cuidam
1051 4217 1183 4301 Icilino
1209 4225 1257 4303 de
1284 4223 1453 4305 ricantia
1482 4218 1776 4321 unam-petiam
1807 4256 1809 4261 ·

416 4314 520 4411 terrie
546 4334 645 4406 aqua
669 4311 929 4410 superlabente
953 4321 999 4400 de
1024 4319 1169 4403 Paluda
1193 4324 1241 4403 de
1267 4329 1357 4422 jure
1389 4328 1442 4417 &f
1459 4326 1692 4425 pertinenria
1709 4322 1769 4420 [u-

406 4412 456 4489 P?
456 4397 585 4483 013²&ae
605 4409 770 4512 Ecclefiae
789 4426 827 4501 l'.
851 4420 983 4501 Μανία(
1002 4421 1044 4499 in
1064 4425 1221 4526 confinio
1240 4436 1277 4505 S.
1299 4426 1439 4525 sophia
1459 4426 1616 4537 positam
1638 4423 1769 4541 vendi·

1643 4548 1714 4604 tio·
