3850 5342
371 400 583 487 Snucrr
607 393 902 480 'Crucrxur
935 415 1004 474 nr·
1035 382 1146 481 Soc.
1181 395 1281 478 Mn.
1378 420 1458 498 209

181 552 345 638 quicum
365 552 523 655 dignum
545 540 622 625 raso
648 544 826 632 'udicavit
1448 612 1452 619 .

184 651 361 757 marmio
406 572 701 750 compellentiius
744 673 826 743 ergo
876 642 1055 725 certando
1086 641 1298 722 Diabolum
1330 644 1543 744 superare„

181 781 262 834 eum
296 749 480 857 Ministris
510 743 664 829 Diaboli
695 746 825 826 durrus
876 745 1083 847 Iuliusque
1108 743 1205 822 foras
1230 770 1358 823 muros
1393 745 1524 844 lapidi·

181 854 232 935 eil
256 851 579 939 extrariasitatem
602 848 695 1029 Asa
706 845 826 948 ibique
877 850 947 926 bu's
961 846 1091 927 scassus
1117 844 1277 924 reddidit
1308 843 1525 946 Spiritum.

181 955 366 1072 lapidibus
402 956 521 1037 eoesus
557 953 620 1031 red
647 949 717 1029 ldit
743 958 823 1029 Deo
875 948 998 1026 Pallus
1022 947 1075 1025 est
1100 966 1228 1025 autem
1254 945 1417 1026 famulus
1443 951 1524 1032 Dei

178 1057 200 1134 s
219 1057 370 1137 tritum:
391 1047 620 1157 sepultusque
629 1055 679 1156 est
692 1046 825 1128 achei
876 1046 1074 1127 Maximus
1098 1047 1196 1151 apud
1221 1046 1348 1128 Aliam
1369 1049 1524 1132 Provin-

171 1081 306 1263 liianis
322 1157 440 1270 juxta
465 1182 608 1235 murum
635 1148 825 1261 civitatis,
877 1148 977 1232 ciam
1003 1148 1071 1231 διε.

176 1284 354 1337 memoria
373 1254 533 1337 nominis
557 1256 635 1355 ejus
662 1282 686 1331 a
701 1246 827 1355 fidest-

178 1356 251 1438 lrus·
268 1356 416 1458 desuper
442 1355 645 1475 arcipirata.
1471 1366 1474 1369 ’

225 1514 253 1558 „
279 1460 481 1575 Reperitur
508 1485 547 1538 m
569 1456 806 1558 Legendario
828 1454 944 1535 stante
971 1454 1012 1536 in
1023 1453 1249 1557 Episcopatu
1267 1452 1524 1538 fiveSacristia’

174 1611 204 1660 „
229 1562 354 1640 Domi
379 1559 531 1644 Parenti
556 1559 598 1642 in
624 1559 724 1643 libro
750 1556 898 1641 vetusto
922 1559 961 1637 8(
986 1558 1147 1659 antiquo
1171 1582 1193 1635 a
1218 1559 1256 1636 K
1281 1584 1361 1656 124
1499 1552 1511 1563 ”
1552 1591 1583 1612 N

173 1736 205 1872 ᾗ
355 1762 1233 1885 ἐηιΕεΤιοΡκιΜΑ.
1374 1693 1419 1875 s
1534 1746 1538 1757 '

174 1938 206 1987 2,
253 1883 409 2007 ‚incipit
433 1880 559 2002 paffio
580 1885 705 1967 'Beati
738 1880 913 1965 Maximi
944 1878 1141 1996 Episcopi,
1172 1875 1222 1962 Θ
1250 1878 1461 1991 Martyris.
1534 1918 1540 1929 ·

169 2071 200 2159 ᾗ,
341 2061 467 2137 Euius
495 2063 707 2160 Imperator
729 2061 863 2140 volens
888 2057 1013 2158 legem
1039 2078 1240 2158 premere,
1266 2054 1328 2133 vel
1354 2055 1525 2158 superare

170 2196 200 2255 ‚·‚
357 2161 480 2261 legem
508 2160 813 2241 Christianorum
849 2161 998 2239 decreta
1024 2156 1252 2237 constituens
1289 2183 1354 2256 per
1381 2159 1527 2238 univer-

171 2307 200 2354 „
222 2261 306 2338 sum
326 2264 491 2340 Orbem.
519 2263 574 2342 Ut
600 2288 734 2343 omnes
759 2259 919 2341 omnino
940 2257 1151 2338 Christiani
1170 2258 1383 2337 recedentes
1403 2261 1524 2339 aDeo

172 2410 199 2459 „
224 2358 318 2439 vivo
338 2417 352 2460 ,
370 2362 415 2443 3(
440 2388 532 2441 vero
559 2363 763 2443 Demoniis
789 2361 1073 2456 sacrificarent,
1108 2356 1174 2460 qui
1202 2383 1294 2437 vero
1321 2359 1522 2443 noluissent

170 2498 198 2554 „1
223 2461 416 2563 suppliciis
441 2462 673 2559 subjacerent
694 2492 707 2558 l
742 2464 793 2541 Et
820 2482 1085 2563 protempore
1113 2460 1185 2539 Vir
1210 2457 1365 2538 Sandus
1402 2460 1521 2541 sarnu-

169 2607 198 2653 „
223 2561 282 2638 lus
310 2562 387 2640 Dei
414 2563 611 2645 Maximus
635 2564 874 2664 semetipsum
901 2562 1086 2657 ostendit,
1111 2580 1190 2640 erat
1214 2585 1308 2641 vern
1336 2561 1521 2646 Plebanus

169 2707 198 2753 „
225 2662 371 2773 negotii
407 2663 463 2740 sui
489 2691 617 2744 curam
654 2691 768 2768 agens
804 2662 1096 2764 comprehensus
1121 2661 1273 2768 igitur,
1298 2664 1522 2768 oblatusque

171 2808 199 2853 „
224 2781 373 2862 optimo
395 2765 616 2853 Proconsuli
641 2766 741 2869 apud
763 2765 927 2866 Alyam.

170 3034 198 3105 n
388 2987 1308 3084 tncsrosncuunn.

163 3207 192 3253 „
294 3144 530 3240 ‘Rnconsni
555 3160 833 3259 dixiradeum‚
868 3160 953 3264 quis
980 3163 1158 3245 vocaris?
1179 3162 1273 3340 fini,
1300 3160 1531 3243 Maximus..

163 3309 191 3361 ,2
258 3270 262 3275 '
324 3261 529 3341 Proconsul
555 3263 675 3361 dixit,
698 3264 806 3362 cujus
831 3263 1153 3343 conditionises?

165 3408 192 3453 „
218 3357 346 3441 ximus
371 3361 579 3462 respondit.
607 3367 798 3465 Ingenuus
824 3383 959 3461 natus,
983 3363 1111 3443 servus
1138 3362 1406 3443 veroClrrilli.
1431 3366 1519 3444 Pro·

164 3510 194 3553 ‚‚
218 3462 350 3573 cpnsul
376 3462 473 3542 dixit
525 3467 600 3544 uod
626 3467 796 3545 officium
824 3464 946 3566 geris?
972 3463 1129 3545 Sannus
1150 3463 1347 3542 Maximus
1368 3461 1515 3562 respon·

164 3607 191 3651 „
216 3559 302 3675 dn.
340 3562 472 3642 Homo
498 3489 578 3645 sum
607 3567 793 3667 Plebanus
818 3565 897 3645 mei
924 3565 1083 3665 negoti.
1121 3564 1274 3644 Vocans
1310 3564 1524 3659 Proconsur

166 3660 315 3753 ,3d1xrt
341 3662 582 3746 Christianus
606 3673 672 3747 es?
707 3668 844 3747 Beatus
870 3666 1073 3747 Maximus
1097 3660 1303 3844 Episcopus
1328 3662 1518 3764 respondit
1570 3738 1575 3745 .

164 3808 190 3854 „
215 3759 280 3839 etsi
307 3785 480 3867 peccator
511 3767 751 3855 Christianus
778 3787 936 3846 tamen.
973 3768 1146 3849 Procnn.
1173 3765 1269 3844 dixit
1305 3767 1516 3866 cognovisti

165 3859 367 3957 „decreta
393 3864 723 3987 inviilillrmorurn
755 3868 975 3975 Principum
1003 3892 1085 3973 qua
1111 3891 1231 3972 nuper
1257 3866 1510 3950 advenerunt.
1638 3908 1641 3911 ·

166 4136 193 4189 u
421 4034 1340 4201 ans1ornnr1n.

162 4306 189 4353 2,
289 4262 461 4343 Aucrus
488 4268 686 4354 Maximus
711 4271 926 4373 respondit,
952 4296 1055 4372 quae:
1082 4267 1288 4349 Proconsul
1313 4264 1443 4360 dixit,
1468 4285 1512 4347 ut

163 4408 189 4456 „
305 4390 437 4447 omnes
463 4369 675 4457 Christiani
711 4372 842 4460 telina
868 4372 1054 4474 superflua
1089 4363 1348 4471 superstitione
1374 4390 1512 4465 cogno-

260 4471 366 4553 Tom.
391 4477 443 4555 II.
925 4469 1003 4554 Dd
1304 4519 1331 4565 ‚‚
1355 4466 1458 4551 scant
1521 4544 1526 4559 x

1211 3262 1412 3342 eatissimus
1434 3262 1520 3342 Ma·
1675 3314 1678 3320 ,
