3850 5342
495 399 553 483 50
701 360 783 455 Do
815 360 1192 454 Mounsrortro
1223 368 1262 452 S.
1285 366 1490 454 Murra

422 574 454 624 ‚‚
480 516 652 601 instantis
677 519 812 602 mensis
832 573 929 599 .....
948 517 995 599 in
1017 518 1214 621 personam
1237 518 1382 624 praefati
1398 516 1660 603 Reverendiss.
1687 518 1770 604 Do,

426 674 455 726 „
479 621 578 703 mini
597 621 798 725 Episcopi,
821 621 963 726 inquo
989 621 1235 703 multistriam
1247 621 1766 725 multisquemodisgravam

424 779 453 827 ‚,
479 744 542 805 tut
556 722 734 809 indebite
756 726 904 806 Fratres
929 723 1023 807 dior
1047 724 1129 807 loci
1161 725 1202 803 in
1225 751 1311 829 quo·
1330 725 1431 805 inter
1453 725 1526 806 reli
1555 750 1602 805 ua
1637 722 1764 809 aslrin·

422 880 454 928 „
478 843 619 926 guntur
639 826 689 904 ad
713 826 1000 909 demoliendum
1019 827 1217 911 tumulum
1228 827 1424 930 quondam
1446 832 1506 906 Fr.
1583 846 1764 906 noventu-

423 981 452 1027 „
477 952 527 1009 ra
552 926 695 1029 prasati
722 928 905 1028 jacentem
929 928 1099 1013 interra
1133 931 1195 1011 se'd
1216 928 1501 1032 aliquantulum
1523 928 1763 1011 eminentem

419 1081 450 1130 „
475 1029 524 1144 ab
549 1054 593 1108 ea
619 1030 870 1112 adherentem
906 1052 1036 1115 tamen
1061 1058 1196 1129 muro,
1231 1033 1269 1112 8(
1291 1031 1428 1135 parieti
1454 1030 1561 1111 dttae
1585 1027 1764 1142 Ecclefifa

419 1182 449 1229 „
473 1150 528 1213 tta
553 1130 953 1217 constantinorum
978 1133 1153 1234 exjustis
1178 1135 1216 1215 8(
1240 1132 1530 1216 rationabilibus
1551 1129 1667 1212 caulis
1686 1130 1762 1208 surs

420 1284 452 1329 „
476 1231 565 1311 loco
588 1285 602 1328 ,
625 1233 664 1312 8(
692 1254 861 1337 tempore
881 1236 1118 1319 declarandis
1143 1237 1170 1317 st
1190 1263 1290 1339 opus
1313 1234 1428 1318 suerit
1453 1244 1520 1337 pei
1570 1258 1658 1313 uam
1683 1231 1765 1345 serta

418 1385 449 1431 ,‚
473 1332 634 1415 tentiam
660 1335 749 1415 did'ti
766 1395 889 1419 .......
910 1340 1104 1420 undecimi
1127 1338 1357 1419 'instan...‘..
1383 1337 1421 1418 8(
1444 1335 1556 1440 prast
1595 1358 1660 1413 um
1688 1330 1763 1410 edr-

417 1483 447 1532 „
471 1431 576 1517 &um
602 1436 837 1540 subsequens}
860 1441 898 1521 8(
923 1442 1034 1521 aliter
1058 1440 1304 1522 diversrmode
1331 1465 1397 1544 per
1413 1439 1616 1542 prosatum
1641 1433 1763 1512 Corn·

415 1586 446 1631 η
469 1534 678 1621 missorium
704 1541 878 1622 assertum
915 1565 1091 1645 reputant
1117 1545 1153 1624 se
1178 1543 1321 1646 prasati
1348 1542 1577 1622 Conventus
1613 1535 1651 1615 8(
1677 1536 1763 1613 Fra·

414 1687 444 1732 „
465 1655 547 1751 tres·
568 1641 724 1721 Ordinis
750 1644 954 1725 Servorum
979 1646 1187 1728 enormiter
1212 1645 1345 1745 iniuste
1370 1643 1409 1722 8(
1433 1644 1564 1723 saltem
1590 1638 1637 1719 de
1662 1634 1761 1750 sado

412 1786 442 1834 „
467 1737 551 1817 laedr
569 1739 614 1853 ο8(
633 1745 787 1925 {ravan
812 1746 1024 1830 rationibus
1048 1749 1087 1828 8(
1111 1745 1226 1829 caufis
1252 1746 1327 1826 suis
1343 1746 1432 1825 loco
1456 1743 1494 1823 8(
1514 1752 1686 1852 tempore
1707 1734 1763 1813 dr·

410 1885 440 1934 ,‚
467 1837 597 1920 cendts
696 1845 936 1946 allegandis,
969 1850 1010 1928 8(
1044 1850 1132 1928 ideo
1158 1846 1433 1937 accumulando
1467 1842 1764 2023 agcpellattonem

410 1989 439 2035 ‚2
465 1941 758 2057 appellatorio
781 1949 944 2046 praelatis
965 1950 1160 2031 sententia
1178 1947 1460 2053 gravaminibus
1543 1937 1761 2057 aridorum

408 2089 439 2137 „
460 2043 643 2123 onenbus
666 2045 808 2146 sequtis
828 2050 1126 2151 dependentibus
1151 2052 1189 2131 8(
1207 2048 1391 2132 connexis
1415 2045 1459 2127 in
1480 2044 1650 2147 partibus
1670 2062 1758 2118 con-

410 2184 438 2236 „
463 2159 522 2218 tra
545 2166 611 2224 eos
632 2145 780 2228 Fratres
800 2147 1026 2232 facientibus
1037 2178 1084 2234 ex
1102 2180 1204 2245 nunc
1226 2174 1339 2256 prout
1355 2175 1405 2231 ex
1425 2170 1543 2243 tunc,
1567 2143 1606 2223 8(
1626 2167 1647 2221 e
1668 2165 1758 2219 con·

408 2292 437 2338 ,‚
462 2260 520 2321 tra
544 2244 589 2322 in
608 2243 675 2361 ⁸his
700 2248 846 2351 scriptis
869 2275 1082 2354 provocant
1108 2258 1145 2335 8(
1167 2284 1187 2333 a
1215 2257 1356 2358 pellant
1378 2242 1763 2359 adsmuamsedem

406 2394 436 2438 2,
462 2343 704 2445 apostolicam
731 2351 836 2448 cujus
863 2356 1089 2454 proteoioni
1117 2359 1153 2435 se
1180 2284 1217 2436 ἕ
1240 2379 1376 2435 eorum
1403 2352 1483 2450 jura
1503 2348 1755 2426 subrntttunt:

406 2494 437 2539 2,
460 2447 626 2543 petendo
637 2450 836 2549 Apostolos
858 2455 1063 2554 instanter,
1087 2457 1286 2539 instantius
1311 2456 1350 2536 8(
1366 2447 1651 2541 instantissime,
1675 2468 1755 2545 pru

409 2586 437 2638 ss
463 2544 711 2649 docendoque
736 2551 836 2634 hanc
861 2581 998 2637 eorum
1021 2560 1320 2661 appellationem
1346 2578 1476 2634 coram
1503 2548 1613 2629 vobis
1639 2546 1761 2657 hone.

406 2695 435 2741 aa
461 2643 513 2731 stu
536 2651 691 2747 persona
713 2677 863 2756 propter
883 2659 1091 2743 absentiam
1110 2662 1160 2739 ab
1182 2654 1413 2738 hacDiecesr
1439 2645 1762 2759 &locosuasolr-.

409 2794 439 2841 „
465 2766 513 2825 tar
534 2748 764 2865 reddentia,
787 2745 1753 2862 8(audientiaeinhacCivitateipstusReuerendtss

409 2897 440 2944 ,‚
464 2847 629 2967 Domini
649 2854 908 2939 Commissarii
924 2862 1077 2949 asserti:
1116 2860 1448 2958 Protelianturque
1474 2854 1576 2955 quod
1602 2869 1746 2967 amotio

384 2997 436 3044 .„
462 2971 517 3028 rm
569 2978 675 3068 rnum
698 2981 897 3039 cereorum
921 2962 960 3043 8(
981 2962 1248 3063 scriptutarum
1270 2959 1501 3061 privatarum
1514 2949 1751 3065 perdiversas

406 3098 434 3145 „
459 3048 498 3128 8(
518 3077 544 3153 p
563 3073 701 3141 ortmas
712 3060 884 3160 personas
910 3065 1126 3144 oblatarum
1153 3065 1217 3153 seu
1243 3061 1486 3152 oblatorum,
1513 3058 1575 3134 seu
1603 3052 1754 3152 scripta-

401 3198 431 3246 9,
455 3174 544 3231 turn
576 3157 628 3234 ob
662 3160 799 3257 gratias
820 3164 1041 3264 consequtas
1073 3169 1121 3244 ab
1152 3159 1424 3264 Omnipoteoti
1451 3161 1539 3235 Deo
1573 3178 1638 3256 per
1663 3149 1753 3229 offe-

400 3298 430 3346 „
454 3274 579 3366 rentes
599 3256 711 3335 lanas
732 3284 779 3337 ex
801 3262 972 3363 sepulcro
993 3265 1084 3344 disli
1106 3266 1297 3366 quondam
1319 3263 1378 3339 Fn
1391 3263 1665 3340 bonaventura
1687 3273 1753 3352 pet

402 3399 432 3446 „
456 3351 575 3435 drblos
597 3358 744 3471 Fratres
770 3386 849 3441 nou
869 3365 977 3445 cedat
998 3368 1043 3444 ad
1066 3366 1220 3467 aliquod
1241 3362 1491 3466 prejudicium
1511 3358 1653 3459 jurium
1675 3355 1764 3468 suo,

400 3501 430 3546 ,,
456 3476 565 3549 rutn3
591 3483 680 3572 quta
704 3485 974 3546 ammoverunt
1001 3495 1045 3548 ea
1072 3494 1150 3546 uon
1178 3487 1220 3545 ut
1246 3466 1319 3545 suu
1340 3459 1586 3565 appellationi
1613 3455 1755 3568 vellant

401 3601 430 3647 „
456 3577 677 3640 renunctare
701 3563 762 3643 sed
790 3586 831 3643 ut
857 3570 1025 3648 crescant
1053 3592 1118 3668 per
1155 3565 1335 3647 meritum
1363 3564 1529 3668 parendo
1554 3562 1760 3669 sententiis.

399 3702 430 3751 ,‚
452 3655 711 3779 Reverendiss
741 3667 904 3748 Domini
926 3667 1188 3749 Commillarii
1210 3668 1380 3747 disserti:
1418 3666 1602 3745 Volentes
1628 3679 1752 3769 magis.

396 3803 426 3850 ar
453 3773 587 3841 timere
623 3764 859 3866 drscrplinam
891 3767 1188 3851 Ecclesrallicam
1227 3795 1340 3870 quant
1378 3793 1456 3847 non
1494 3763 1660 3868 parendo
1697 3782 1763 3872 νγ.

396 3903 426 3949 ,‚
451 3855 610 3943 deantur
635 3891 719 3947 eam
748 3871 847 3961 velle
873 3880 1143 3950 contemnere:¹
1172 3872 1311 3951 Itidem
1339 3868 1577 3973 protestando
1598 3864 1645 3943 de
1666 3883 1748 3963 qu17

395 4005 425 4050 n
452 3955 684 4075 buscumque
710 3969 855 4050 adlibus
881 3969 947 4072 qui
975 3995 1041 4070 per
1066 3995 1131 4050 eos
1158 3973 1304 4052 Fratres
1336 3974 1469 4050 fierent
1491 4024 1504 4066 ‚
1530 3969 1651 4070 fient,
1683 3956 1746 4069 pel

396 4106 425 4151 2,
449 4053 536 4170 sadir
562 4066 676 4146 essent
730 4095 769 4148 er
795 4096 889 4169 quos
920 4069 1141 4150 viderentur
1168 4074 1296 4174 aliquo
1322 4074 1439 4152 modo
1456 4068 1593 4161 exequi
1612 4082 1666 4135 ers
1690 4079 1747 4131 rn-

396 4207 424 4251 ‚‚
450 4161 575 4257 sunda
601 4189 668 4265 per
728 4169 948 4251 everendiss.
972 4171 1188 4252 Dominum
1209 4164 1520 4265 Commissarium
1549 4157 1746 4260 praelatum

401 4308 431 4354 >s
456 4283 521 4362 per
547 4265 774 4351 sententiam
801 4267 840 4349 8(
866 4269 1057 4373 edietum,
1093 4274 1129 4355 8(
1155 4275 1358 4377 prasertim
1385 4271 1460 4353 hoc
1495 4260 1748 4437 protestadntur
1874 4292 1879 4303 =

513 4385 516 4393 ι
1597 4417 1626 4462 rt
1671 4384 1692 4436 0
