3850 5342
455 408 535 489 108
699 409 1434 494 DteMottitsTieisio

386 578 477 634 cum
499 558 705 659 Hungariae
725 560 870 657 Regem
897 556 1074 659 precibus
1097 554 1256 656 impulit,
1282 576 1323 633 ut
1349 554 1417 634 sibi
1443 553 1571 636 amicu
1603 556 1641 635 ἃ
1667 553 1687 634 s
1717 596 1735 619 ι
1787 646 1792 653 ι

386 655 519 736 derato
539 659 580 736 in
602 660 750 737 summo
772 659 986 738 discrimine
999 655 1185 739 laboranti
1207 656 1338 756 praesto
1358 656 1577 736 elsevellet.
1605 656 1727 734 Missis

384 752 511 857 itaque
538 759 705 859 primum
730 760 930 860 suppetiis,
956 784 1033 838 non
1057 759 1179 836 multo
1201 756 1374 858 postReii
1394 757 1468 857 ipse
1490 783 1584 836 cuin
1603 757 1729 855 ingen·

385 855 416 933 ti
443 860 609 939 exercitu
632 861 820 942 Venetam
840 861 1024 939 ditionem
1052 858 1229 960 ingressus
1251 857 1493 937 Tarvisinum
1513 856 1688 958 agrums
1717 902 1730 916 ·

385 956 431 1035 de
458 960 703 1061 depopulatus
730 961 811 1041 est.
848 963 1031 1041 Bellicam
1058 961 1329 1060 Hungarorum
1355 958 1499 1038 rabiem
1526 981 1569 1037 ut
1595 957 1730 1057 effuge·

382 1062 869 1142 rentBernardaAbbatilsa
896 1063 1104 1163 &reliquie
1127 1059 1443 1139 Sannimoniaies
1455 1058 1620 1140 recentia
1632 1060 1731 1137 clau·

384 1155 454 1240 stra
480 1162 644 1242 deserete
669 1163 805 1243 condia
831 1165 937 1242 sunt.
965 1165 1116 1241 Horum
1138 1159 1270 1262 aliquae
1294 1160 1507 1240 Tarvisium
1529 1162 1611 1239 sese
1633 1183 1731 1237 rece·

409 1284 553 1359 erunt,
580 1264 645 1343 ubi
674 1265 858 1366 usquead
885 1265 977 1343 belli
1004 1264 1122 1342 finem
1148 1264 1359 1363 degentes,
1395 1263 1439 1339 ad
1467 1262 1733 1340 semidirutum

435 1364 662 1442 onasterium
689 1367 904 1458 redierunt,
929 1368 975 1443 de
1002 1366 1048 1444 iis
1067 1363 1144 1442 fuse
1164 1365 1240 1464 agit
1256 1363 1522 1441 eruditissimus
1542 1365 1585 1440 P.
1601 1363 1653 1439 D.
1673 1359 1729 1458 Jo:

271 1504 277 1509 ·
381 1460 605 1543 Benedisius
628 1466 816 1545 Mittareli
840 1468 1057 1546 Monachus
1079 1465 1379 1544 Camaldulenfis
1404 1463 1444 1542 iii
1470 1464 1552 1545 vita
1576 1464 1611 1541 S.
1634 1452 1731 1539 Pari·

379 1559 421 1640 fii
442 1565 614 1645 Venetiis
640 1566 738 1646 edita
764 1592 866 1648 anno
892 1575 994 1669 1748.
1021 1568 1206 1647 Bernarda
1230 1568 1377 1645 verode
1396 1565 1536 1653 tutiori
1556 1567 1642 1643 loco
1663 1557 1729 1639 eli·
1824 1627 1827 1631 ,

382 1665 508 1762 gendo
534 1668 702 1767 cogitans
739 1670 878 1770 septem
906 1670 1045 1749 sociata
1071 1666 1432 1747 Sandlimonialibus
1457 1665 1636 1745 Venetiae
1673 1688 1731 1763 ap-

383 1764 518 1862 pulit,
565 1768 632 1846 ubi
664 1768 797 1848 suturae
829 1771 1032 1872 aliquando
1066 1769 1249 1849 Numinis
1294 1767 1540 1869 providentia
1575 1765 1737 1843 fidentes

379 1866 478 1964 apud
509 1868 545 1945 S.
578 1869 716 1949 Vitalis
746 1871 952 1949 Ecclesiam
981 1899 1082 1951 antio
1108 1869 1311 1949 millesimo
1337 1867 1597 1949 trecentesimo
1632 1866 1729 1943 sexa·

380 1965 656 2068 gesimoquarto
683 1972 961 2051 consederunt.
989 1973 1050 2052 lbi
1077 1969 1178 2050 aido
1205 1968 1305 2050 testo
1329 1992 1486 2071 receptae
1519 1969 1559 2046 iri
1587 1967 1735 2079 summa

379 2090 506 2145 rerum
533 2070 710 2149 omnium
737 2071 896 2173 egestate
924 2072 1139 2154 viditantes
1160 2071 1379 2175 quotidiana
1400 2072 1488 2150 uitae
1509 2086 1736 2148 munemita

379 2162 480 2246 inter
506 2170 543 2249 se
569 2172 712 2271 partitae
738 2174 850 2272 sunt,
875 2196 915 2253 ut
942 2175 1079 2253 diuma
1105 2198 1276 2276 tempora
1293 2171 1474 2253 Ecclesia.
1494 2170 1731 2272 frequentari-

379 2266 433 2345 da:
461 2271 632 2368 partim,
668 2274 806 2374 partim
833 2276 953 2355 labori
982 2302 1202 2372 manuum,
1234 2272 1416 2353 noducna
1442 2299 1533 2352 vero
1570 2270 1738 2350 modicae'

380 2368 500 2483 quieti
527 2371 565 2450 8<
591 2375 758 2453 orationi
783 2379 1065 2457 concederent.
1100 2378 1173 2456 His
1199 2376 1288 2456 vitae
1314 2373 1496 2491 exemplis
1523 2374 1616 2451 adeo
1643 2394 1728 2471 pta-

363 2466 490 2583 'claris
516 2496 605 2550 cuni
625 2475 799 2553 omnium
823 2476 864 2555 in
885 2480 921 2556 se
942 2477 1088 2558 civium
1110 2480 1265 2573 oculus,
1290 2474 1628 2557 &admirationem
1640 2495 1735 2550 con-1
1760 2525 1764 2531 .

379 2571 595 2671 vertissent,
620 2595 703 2654 tum
731 2574 1729 2680 precipueloannisContareniPatritiiVenetiamo'·

377 2692 458 2783 tem
484 2671 553 2786 sibi
579 2677 856 2777 devinxerunt,
881 2683 947 2782 qui
973 2681 1136 2784 ipsarum
1154 2674 1736 2780 miseratusanguliiasanimuru

379 2769 512 2868 adjecit
538 2777 585 2854 ad
612 2779 709 2876 hoc,
736 2802 777 2858 ut
804 2782 934 2883 inopes
955 2780 1267 2864 Sandlimoniales
1294 2783 1336 2860 iri
1356 2780 1466 2860 sactis
1486 2775 1654 2859 claustris
1672 2799 1727 2853 re·

377 2869 569 2954 eluderet.
592 2878 833 2982 Comparatis
860 2884 986 2984 itaque
1013 2884 1057 2962 in
1079 2883 1255 2964 confinio
1275 2885 1310 2963 ἃ
1333 2884 1580 2962 Hermacorai-
1599 2878 1647 2991 ad
1667 2890 1729 2954 ex'·

376 2989 542 3055 tremam
563 2979 680 3060 Urbis
716 3006 860 3084 partem
886 2985 1118 3086 quibusdam·
1137 2986 1415 3081 domunculis,
1448 2981 1562 3084 queis·
1591 2980 1727 3077 adjace

377 3072 441 3152 bat
466 3101 585 3156 vacua
611 3082 680 3194 sol-i
707 3085 912 3185 planicies,
939 3114 1023 3182 eas,
1050 3108 1092 3165 ut
1120 3086 1165 3166 in
1188 3086 1457 3167 monasterium
1467 3102 1735 3176 verterentur,

374 3169 570 3257 Bernardae
591 3207 742 3283 eiusque
769 3185 878 3264 sociis
903 3186 1023 3265 libera
1044 3186 1147 3268 cessit
1168 3186 1389 3284 oblatione,
1416 3188 1727 3267 hactantummu

376 3272 430 3350 du
452 3280 708 3380 conditione,
735 3305 777 3362 ut
803 3285 845 3363 in
871 3287 1072 3387 adjacentis
1107 3290 1179 3369 soli
1206 3313 1310 3391 parte
1331 3287 1614 3379 coemeterium
1637 3306 1727 3363 con·

374 3370 559 3469 struerent
586 3382 632 3458 ad
658 3408 868 3562 Kauperum
900 3391 1082 3469 cadavera
1109 3392 1217 3470 nullo
1242 3389 1426 3472 mercedis
1461 3386 1569 3490 pano
1603 3407 1726 3464 tuinu-

375 3471 657 3593 landa-Mona
688 3510 773 3564 erio
794 3488 1001 3590 hospitium
1028 3492 1196 3591 adjecit,
1232 3493 1337 3592 cujus
1362 3491 1443 3592 juna
1467 3489 1569 3587 sib'i,
1594 3487 1632 3566 8<
1657 3487 1728 3599 Li}-

378 3597 449 3688 ctae
475 3578 561 3658 filiae
583 3582 816 3667 reservavi-t.
844 3592 936 3673 Haec
956 3595 1088 3672 omnia
1110 3592 1188 3696 post
1208 3595 1336 3675 uxoris
1355 3594 1505 3673 obitum
1528 3589 1637 3670 sacris
1656 3587 1727 3666 ini·

376 3694 499 3756 natus.
519 3680 742 3767 testamento
768 3692 1032 3773 confirmavit:
1059 3704 1156 3773 Item
1176 3695 1263 3793 vojo
1290 3694 1340 3774 θ
1361 3691 1533 3789 intendo,
1559 3688 1625 3770 che
1648 3700 1732 3768 tuto

376 3772 462 3875 quel
486 3777 550 3859 che
565 3802 634 3895 pet
652 3779 689 3864 le
708 3793 892 3901 Monacbe
913 3791 960 3873 di·
974 3804 1052 3873 San
1062 3791 1305 3876 Girolamobo
1328 3798 1446 3897 pesti,
1454 3795 1579 3896 fami
1604 3821 1625 3871 θ
1636 3815 1726 3870 ‘⁰7²⁸‘

369 3874 492 3987 prado
505 3878 567 3981 sia
590 3878 704 3965 blm
729 3887 771 3968 dt
794 3887 884 3992 ques
900 3900 1133 4000 nonasterii,
1157 3896 1223 3976 che
1247 3926 1294 3977 ne
1328 3896 1513 3998 principio
1535 3887 1626 3975 delli
1646 3920 1726 4003 zor-⁸

376 4000 419 4051 m
443 3981 512 4081 effe
534 3986 718 4070 Monacbe
753 4018 813 4069 me
842 3995 1020 4097 promeffe
1053 3994 1117 4078 nes
1140 3996 1303 4078 ricovere
1338 3999 1461 4103 deffe
1483 3994 1666 4078 Monacbe
1684 3988 1725 4069 ds

271 4152 277 4173 ‚
378 4097 452 4148 non
470 4080 556 4188 {sere
577 4109 684 4184 patto
712 4085 855 4191 alcun,
882 4123 928 4174 ne
949 4125 1084 4176 ancora
1113 4095 1177 4178 nel
1196 4099 1357 4180 ricevere
1383 4099 1520 4199 icorpt'
1538 4098 1553 4177 ἑ
1572 4092 1673 4196 quali
1691 4091 1727 4197 st

368 4170 591 4293 sepellrrano
604 4185 642 4262 al
652 4190 751 4270 detto
762 4187 908 4274 luocbo.
937 4200 1073 4300 Neque
1087 4222 1214 4280 tamen
1226 4203 1431 4283 immemor
1451 4203 1543 4304 quid
1569 4200 1615 4277 ad
1643 4224 1723 4276 mo»

377 4275 577 4360 nasterium
603 4289 902 4374 confirmandum
940 4325 1038 4400 opus·
1061 4305 1180 4399 ell'et,
1206 4305 1530 4406 opportunitatem
1559 4299 1726 4392 nasius,

375 4379 477 4486 quod
508 4382 646 4467 Paulus
672 4391 851 4478 fuscarus
887 4400 1095 4503 Episcopus
1120 4405 1360 4489 Castellanus
1393 4407 1507 4513 longe
1542 4406 1591 4489 ab
1610 4403 1722 4584 dh&

1587 4532 1608 4584 a
1636 4528 1671 4587 0·
