3850 5342
457 304 480 361 2
671 277 753 363 Da
784 281 1145 364 oMonasranr
1192 276 1231 359 S.
1264 279 1462 363 Maura

395 452 486 511 rum
510 428 616 510 notis
636 455 679 508 ac
700 429 811 528 fignis
834 427 1001 530 plurima
1026 452 1047 504 a
1073 451 1164 505 vero
1191 424 1313 504 aliena
1338 423 1613 506 concinnavit:
1638 427 1746 526 Joan·

397 552 490 610 nem
516 532 621 610 enim
650 529 860 607 Avantium
887 553 1003 644 quem
1016 526 1215 605 Patritium
1227 528 1433 605 Lucensem
1460 525 1675 621 renuntiat,
1694 548 1746 603 at·

371 630 473 732 'que
493 630 596 709 inter
623 629 791 709 Venetos
814 628 988 708 Patrrtios
1008 648 1252 728 cooptatum,
1275 627 1396 727 asserit
1414 628 1460 706 in
1483 627 1640 729 propriis
1659 625 1743 707 adi·
1860 716 1866 724 ,

296 752 300 759 “
400 733 471 815 bus
492 726 777 807 Monasterium
798 729 1004 808 aedificasse.
1032 730 1124 808 Haec
1150 728 1229 830 ejus
1255 730 1341 809 sunt
1368 731 1505 808 verba:
1738 774 1740 779 ·

500 830 654 908 Interea
667 829 798 909 Petrus
808 830 1026 927 Generalis,
1053 852 1095 908 ut
1106 830 1291 911 Ordinem
1312 831 1408 932 apud
1422 832 1589 909 Venetos
1612 846 1742 907 exten·

397 985 424 1031 ‚,
445 885 579 1026 deret,
605 929 836 1030 potiffimum
856 955 947 1008 vero
972 931 1014 1011 in
1035 931 1260 1033 amplissima
1280 956 1411 1011 eorum
1426 930 1635 1032 Metropoli
1663 928 1743 1029 pul-

392 1085 420 1132 ‚,
446 1029 656 1125 cherrima,
681 1028 982 1133 opulentissima,
1003 1032 1271 1131 celeberrima,
1297 1030 1484 1112 strudlurae
1507 1028 1741 1111 admirabilis

391 1129 585 1233 „Virum
612 1130 748 1231 pium,
782 1130 820 1209 8(
843 1132 1070 1213 munificum
1101 1135 1237 1237 reperit
1269 1137 1452 1236 Joannem
1484 1134 1530 1211 de
1562 1128 1740 1225 Avantiis

391 1285 419 1332 ‚,
446 1229 652 1309 Patricium
673 1230 917 1331 Lucensem,
952 1234 1019 1335 qui
1045 1237 1095 1315 ob
1123 1236 1242 1316 varias
1264 1236 1396 1319 Patriae
1422 1238 1495 1316 sun
1515 1234 1618 1313 vices
1650 1230 1739 1308 inde

390 1331 620 1435 „recedens
646 1356 837 1412 unacum
864 1334 1036 1435 pluribus
1062 1336 1146 1417 aliis
1171 1338 1445 1435 Concivibus,
1484 1355 1596 1438 prout
1627 1329 1741 1409 refert

387 1487 417 1531 „
443 1432 659 1512 Franciscus
684 1432 938 1533 Sansovinus,
964 1438 1031 1517 ubi
1058 1439 1104 1517 de
1131 1441 1242 1518 rebus
1264 1441 1527 1535 Venetorum,
1554 1430 1738 1512 Venetias

388 1586 416 1632 „
442 1531 638 1613 coneeffit.
666 1533 771 1636 Quia
797 1558 889 1615 vero
909 1563 999 1619 cum
1027 1538 1104 1619 illis
1130 1565 1176 1618 eo
1203 1542 1379 1643 appulere
1401 1541 1525 1640 plures
1546 1535 1662 1616 etiam
1688 1553 1738 1609 ex

387 1686 415 1733 „
442 1635 571 1713 eadem
599 1634 723 1713 Patria
748 1636 952 1717 sericorum
987 1640 1212 1736 Textores,
1247 1640 1478 1740 perbenigne
1505 1642 1553 1718 ab
1590 1632 1739 1734 amplis·

385 1787 416 1833 „
441 1733 532 1814 fimo
558 1732 629 1812 illo
654 1735 795 1816 Senatu
822 1738 995 1840 excepti,
1020 1739 1208 1836 quandam
1235 1740 1353 1818 Urbis
1379 1761 1522 1840 partem
1551 1759 1740 1829 tenuere,

384 1882 414 1928 „
438 1836 569 1932 ibiqu·
592 1836 687 1917 ardes
711 1865 734 1914 a
759 1835 1014 1917 fundamentis
1027 1836 1267 1936 excitarunt,
1293 1865 1376 1941 qua
1397 1839 1570 1935 deinceps
1592 1828 1735 1943 Mando
1794 1918 1797 1927 Δ

380 1983 409 2031 ,,
432 1938 566 2012 Nuovn
583 1930 627 2014 di
646 1934 816 2035 Tuscana
834 1935 956 2036 vulgo
987 1935 1087 2015 dieta
1116 1936 1225 2036 suit,
1259 1937 1577 2041 quemadmodum
1605 1933 1733 2043 hujus:

381 2086 409 2133 ,‚
433 2033 539 2110 modi
568 2036 753 2117 Textores
781 2036 963 2116 haetenus
988 2037 1139 2117 Etrusci
1160 2037 1340 2118 dicuntur
1354 2082 1369 2113 .v
1401 2038 1507 2116 Cum
1535 2035 1653 2133 igitur
1676 2028 1734 2106 rbt

382 2189 410 2233 „
434 2134 648 2235 Oratorio,
683 2163 727 2218 ac
751 2139 951 2239 sepultura
988 2137 1215 2219 ndificandis
1241 2166 1308 2241 pro
1334 2137 1407 2216 suis
1434 2133 1607 2216 Familiis
1633 2129 1735 2231 plus·

381 2290 408 2334 „
433 2259 546 2335 quam
573 2237 730 2339 triginta
756 2265 841 2319 eam
868 2259 1016 2339 partem
1041 2240 1258 2321 colentibus
1283 2239 1456 2318 animum
1477 2236 1573 2315 serio
1595 2253 1729 2343 omnes

289 2400 292 2407 .
378 2391 406 2435 „
432 2336 676 2436 adjecissent,
711 2339 749 2418 8(
781 2342 913 2420 Petrus
941 2340 1135 2440 praedidlus
1172 2340 1327 2418 interim
1364 2364 1412 2417 ex
1446 2334 1625 2415 industria
1661 2329 1729 2409 alr·

378 2457 526 2535 „quot
549 2462 570 2515 e
596 2436 670 2518 suis
691 2439 885 2521 Fratribus
913 2440 1014 2531 illuc·
1037 2440 1124 2518 ideo
1152 2439 1442 2537 transmisrsset,
1475 2459 1517 2516 ut
1541 2435 1647 2515 naua
1668 2455 1733 2531 op,-

378 2591 406 2637 „
432 2533 667 2635 portunitate
698 2535 740 2614 in
766 2537 991 2639 amplissima
1017 2539 1055 2618 8(
1081 2537 1338 2618 florentissrma
1364 2537 1432 2618 illa
1451 2538 1560 2619 Urbe
1583 2538 1727 2646 Coeno·

377 2689 406 2737 „
425 2634 539 2714 'bium
551 2636 642 2714 ord.
655 2635 784 2715 nostro
802 2639 1034 2739 erigeretur,
1059 2641 1221 2741 Ioannes
1241 2640 1413 2741 profatus
1435 2662 1511 2717 una
1531 2663 1621 2716 cum
1642 2632 1728 2712 alirs

377 2793 405 2837 ‚‚
429 2734 654 2916 cpuibusdam
676 2737 847 2819 Patriciis
865 2740 1095 2829 Lucenfibus
1121 2742 1222 2823 inter
1243 2744 1459 2845 Optimates
1480 2731 1726 2817 Sereniffimae

376 2893 405 2939 „
430 2838 443 2914 i
462 2838 536 2916 ltus
552 2837 661 2939 Reip.
683 2859 915 2942 cooptatus,
951 2846 1100 2924 Fratres
1125 2843 1248 2942 illos,
1273 2846 1342 2948 qni
1359 2839 1539 2922 Venetias
1566 2835 1727 2947 advene-

375 2982 404 3038 „-
427 2959 511 3018 rant
537 2937 822 3056 perlrumaniter
832 2945 1006 3045 excepit,
1032 2945 1245 3047 quinetiam
1271 2946 1501 3048 grandaevus,
1528 2938 1564 3014 &
1590 2933 1727 3030 0P¹b118

375 3088 405 3138 n
429 3037 586 3151 affluens
605 3043 829 3147 Iffpfoutiis
851 3046 992 3149 adibus
1013 3048 1254 3129 Coenobium
1279 3047 1530 3135 adheuntem
1549 3033 1590 3111 Β
1604 3031 1725 3110 MV.

376 3180 405 3237 „
430 3162 495 3215 cur
532 3134 655 3213 fuerat
691 3130 912 3232 Jamdudum
952 3145 1219 3217 addlmmmus
1258 3161 1281 3212 a
1323 3133 1577 3217 fundamentts
1623 3155 1726 3211 anno

376 3287 405 3335 „
436 3240 541 3336 1316.
573 3234 793 3336 erigendum
811 3234 994 3334 curavit,
1019 3238 1222 3318 clariffimo
1242 3236 1407 3334 Senatu,
1443 3237 1481 3319 &
1508 3231 1723 3321 Patriarcha
1766 3302 1769 3309 .

378 3390 406 3437 „
432 3335 793 3438 comprobantibus.

427 3436 522 3517 Hac
548 3436 700 3537 omnia,
725 3464 807 3541 qun
834 3466 881 3521 ex
907 3463 1011 3545 parte
1036 3440 1161 3521 rursus
1182 3440 1395 3542 depromit,
1421 3438 1488 3520 ubi
1515 3441 1561 3519 de
1588 3433 1719 3521 Vitale

373 3537 547 3619 Avantio
567 3538 826 3641 Bononiense,
852 3545 1021 3624 Decimo
1041 3543 1196 3622 Ordinis
1207 3544 1383 3622 Generali
1397 3540 1581 3640 Magistro
1604 3538 1720 3649 verba

373 3637 488 3737 facit,
513 3639 670 3721 fallaciis
695 3643 732 3722 8(
757 3646 987 3726 commentis
998 3646 1136 3728 scatere
1157 3644 1470 3744 planeevincitur
1480 3665 1526 3720 ex
1551 3639 1718 3739 antiquas

373 3739 637 3841 documentis,
661 3771 743 3847 quae
764 3746 945 3824 laudabili
977 3744 1043 3823 dili
1072 3744 1176 3823 entia
1196 3769 1243 3823 ex
1265 3744 1443 3826 Archivii
1465 3741 1605 3823 Veneti
1628 3740 1718 3818 late·

373 3840 453 3921 bris
471 3865 583 3923 eruta.
598 3868 683 3947 apte
702 3845 880 3947 disposuit
899 3845 1037 3947 Joseph
1099 3846 1176 3926 aria
1188 3847 1434 3949 Bergantini,
1460 3841 1719 3927 meritissimus

374 3943 530 4025 Ordinis
551 3947 831 4044 Provincialis,
865 3947 903 4025 8(
929 3946 971 4024 in
998 3945 1234 4051 criticaarte
1261 3951 1357 4029 mire
1383 3948 1572 4031 eruditus.
1688 4039 1696 4056 ⁸

426 4045 607 4127 Venetias
632 4048 760 4147 itaque
790 4046 931 4148 appulsa
963 4049 1109 4129 Fratres
1127 4052 1300 4132 ⁵Ordinis
1321 4053 1525 4133 Servorum
1544 4068 1718 4150 quamvis

374 4147 425 4223 ob
445 4141 702 4263 integritatem
738 4146 862 4245 vita,
899 4173 1124 4253 morumque
1149 4151 1435 4235 landimoniam
1471 4149 1648 4230 omnium
1674 4143 1717 4220 in

371 4244 409 4324 se
435 4248 581 4328 civium
606 4246 738 4329 oculos
764 4247 1003 4353 excitassent,
1028 4253 1065 4333 8(
1085 4253 1233 4351 animos
1254 4256 1415 4346 mirifice
1436 4249 1716 4340 conciliassent,

1569 4369 1661 4433 atta-
