3850 5342
952 447 1241 525 OLIM
1294 443 2186 524 CRUCIFERORUM
2241 436 2380 521 ἃς.

320 571 731 711 481ξὲἒέἦὸῗοὶ
755 693 773 724 ,
795 573 1523 726 ἱὲιηῑιζῐειίἐυῶἳεὲὔὲηἰῗὶὶς,
1559 573 1634 708 οῗ

343 746 485 803 quos
549 726 760 804 speetat
801 727 853 785 az
894 746 1000 802 pro
1043 742 1302 802 tempore
1358 723 1634 800 speRabit

342 802 660 876 plenissime
701 801 1030 883 suffragari.
1069 805 1269 880 sicque
1301 803 1355 860 in
1395 801 1637 875 praemis-

337 876 410 936 fis
459 898 561 954 per
600 898 961 957 quoscunque
999 878 1222 953 Judices
1259 876 1635 950 ordinarios,

333 953 391 1009 ἃ
430 953 743 1044 Delegatos
783 1000 800 1028 ,
853 958 1031 1015 etiarn
1069 954 1378 1014 Causarum
1425 951 1630 1012 Palatii

327 1028 644 1104 Apostolrci
685 1033 987 1093 Auditores
1023 1074 1042 1105 ‚
1084 1031 1137 1090 ἃ
1177 1035 1230 1089 s.
1270 1035 1340 1090 R.
1380 1032 1445 1091 E.
1486 1033 1630 1089 Car·

330 1101 552 1164 dinales
590 1146 610 1178 ,
650 1109 827 1167 etiam
868 1107 937 1167 de
979 1114 1182 1168 Latere
1225 1112 1470 1197 Legatos
1500 1149 1520 1180 ‚
1572 1106 1628 1165 ἃ

332 1178 481 1239 alios
520 1179 811 1260 quoslibet
862 1186 1065 1262 quavis
1107 1184 1453 1242 austoritate
1494 1225 1512 1254 ,
1575 1182 1629 1240 ἃ

325 1256 611 1332 potestate
627 1259 931 1340 fungentes
950 1304 968 1335 ‚
999 1262 1051 1318 ἃ
1079 1260 1405 1332 sunauros,
1444 1256 1629 1318 subla·

327 1347 393 1418 ,¹²
435 1335 557 1406 eis,
597 1334 651 1393 &t
694 1356 895 1396 eorum
936 1335 1177 1396 cuilibet
1208 1339 1409 1412 quavis
1452 1333 1628 1394 aliter

325 1405 620 1481 judicandi
657 1452 676 1483 ‚
716 1412 767 1470 ἃ
811 1412 1237 1487 interpretandi
1278 1410 1564 1471 facultate
1604 1453 1623 1483 ,

324 1482 380 1540 δε
418 1486 770 1547 austeritate
813 1487 1054 1563 judicari
1085 1529 1104 1560 ,
1167 1488 1222 1545 80:
1265 1486 1493 1546 definiri
1534 1486 1629 1547 de·

320 1556 456 1620 bere
485 1603 504 1632 ,
546 1580 617 1619 ac
659 1563 888 1623 irritum
930 1563 985 1621 ἃ
1027 1565 1198 1623 inane
1234 1563 1506 1642 quicquid
1546 1562 1623 1622 se·

318 1635 420 1695 cus
462 1636 632 1711 super
661 1638 750 1698 his
789 1641 824 1700 a
865 1658 1094 1716 quoque
1129 1641 1332 1717 quavis
1372 1641 1620 1699 austori-

314 1723 447 1770 tate
492 1712 739 1774 scienter
780 1715 872 1775 vel
926 1717 1263 1790 ignoranter
1300 1717 1619 1794 contigerit

1734 569 1967 632 milibus
2020 567 2509 648 applicationibus
2587 566 2818 651 illisque
2872 591 3036 634 com-0

1734 647 2036 708 mittendis
2079 644 2153 705 acl
2210 665 2403 738 partes
2441 691 2461 722 ‚
2517 650 2739 707 vocatis
2792 667 3041 726 quorum

1734 724 2003 796 interest,
2040 722 2093 781 ἃ
2123 719 2256 783 aliis
2286 725 2521 796 nostris,
2560 725 2615 783 δι
2661 724 3037 785 Cancellariae

1736 800 2072 878 Apostolicae
2113 799 2357 879 regulis,
2396 819 2466 861 ac
2505 805 2648 860 Rec.
2687 816 2860 860 mem.
2897 807 3041 861 Pau·

1733 876 1779 935 li
1816 882 1894 937 ΙΙ.
1949 877 2004 934 δι
2041 872 2290 936 aliorum
2357 883 2755 937 Romanorum
2796 875 3034 938 Pontifi-

1732 971 1866 1013 cum
1907 950 2358 1013 Predecefforum
2399 953 2718 1013 nostrorum
2756 951 2827 1011 de
2872 952 3039 1013 rebus

1730 1029 1993 1090 Ecclefiae
2006 1048 2121 1088 non
2141 1027 2497 1103 alienandis,
2535 1030 2589 1086 ἃ
2621 1027 2855 1088 illarum
2891 1028 3038 1089 alie-

1731 1105 2067 1166 nationibus
2093 1105 2528 1167 committendis
2555 1148 2573 1177 ,
2613 1103 2855 1185 aliisque
2876 1108 3035 1165 Con·

1730 1181 2160 1254 stitutionibus‚
2200 1184 2255 1243 ⁸:
2292 1180 2757 1243 ordinationibus
2787 1179 3031 1258 Aposto-

1730 1258 1859 1318 licis
1899 1260 1953 1317 δι
1985 1258 2411 1319 Conciliat-ibus
2444 1303 2461 1332 ,
2519 1275 2589 1317 ac
2625 1257 2927 1329 omnibus,
2966 1257 3024 1317 δε

1690 1373 1693 1376 Δ
1729 1333 1997 1424 ίζηευῑίςῆ
2037 1355 2158 1418 qu3ae
2200 1337 2257 1395 in
2296 1335 2575 1413 praedistis
2617 1333 2820 1393 nostris
2861 1331 3027 1393 litte-

1727 1431 1807 1470 ris
1851 1409 2134 1471 voluimus
2185 1431 2303 1471 non
2345 1411 2567 1472 obstare
2606 1452 2626 1483 ‚
2688 1409 3023 1488 caeterisque

1725 1488 2036 1547 contrariis
2073 1487 2407 1564 quibuscum
2453 1508 2559 1547 ue.

1803 1567 2021 1624 Datum
2061 1569 2253 1624 Romae
2293 1585 2408 1641 apu
2497 1568 2552 1621 S.
2593 1562 2845 1624 Mariam
2886 1565 3016 1622 Ma-

1727 1638 1906 1700 'orem
1932 1638 2031 1700 sub
2049 1641 2279 1700 Annulo
2294 1640 2592 1701 l’iscatoris
2617 1639 2709 1698 die
2742 1659 2834 1712 29.
2848 1639 3018 1716 Apri-

1748 1718 1793 1774 is
1831 1719 2148 1776 MDCLVI.
2192 1716 2568 1778 pontificatus
2609 1715 2804 1776 Nostri
2843 1719 3020 1775 Anno

314 1791 646 1848 attentari.
683 1795 817 1850 Non
859 1786 1119 1865 obstans,
1160 1805 1441 1869 quatenus
1473 1811 1619 1861 opus
1720 1790 2017 1854 Secundo.

316 1860 424 1935 iit,
468 1862 541 1922 de
586 1863 708 1939 jure
746 1868 980 1945 quaefito
1009 1887 1125 1926 non
1168 1866 1467 1940 tollendo,
1508 1886 1616 1927 nec

244 1949 250 1955 ‘
313 1957 431 1998 non
473 1938 549 2000 de
589 1941 966 2021 exprimendo
1022 1961 1163 2006 vero
1204 1941 1402 2006 valore
1443 1945 1501 2003 in
1545 1942 1618 2003 sr-

299 2369 366 2426 A
399 2387 549 2453 tergo
588 2375 634 2451 v<

2455 1946 2528 2001 G.
2554 1936 2883 2002 Gualterius
2909 1979 2934 1997 .

626 2339 674 2370 ‘³
714 2339 1041 2402 Venerabili
1068 2342 1257 2401 Fratri
1285 2339 1500 2402 Carolo
1537 2344 1587 2401 E
1626 2341 1817 2418 iscopo
1846 2337 2136 2401 Aversano
2164 2354 2314 2398 nunc
2356 2336 2410 2395 a
2440 2353 2545 2413 pro
2574 2346 2835 2411 tempore
2874 2332 2992 2421 exi·-

623 2453 673 2492 0„
824 2417 995 2483 stenti
1036 2414 1262 2493 nostro,
1299 2417 1353 2477 a
1382 2418 1593 2498 Apono
1619 2419 1717 2478 icae
1756 2416 1909 2479 Sedis
1952 2419 2013 2478 in
2054 2416 2693 2478 Dominiovenetorutn
2731 2413 2995 2497 Nuntio.

2756 4498 2875 4559 DE
