3850 5342
530 487 1259 572 S.Sruvaron1m¹
1382 511 1464 598 39

177 698 204 747 „
228 640 354 725 renils.
365 642 476 728 Duce
488 635 758 734 Veneriorum.
785 633 923 715 Nobili
948 632 1130 815 fipuidero
1150 636 1236 717 viro
1254 637 1398 739 Jacobo
1418 639 1522 719 Dau-

177 769 274 848 „ro
298 739 576 823 Civelleneto
600 763 690 819 cum
715 734 938 854 quibusdam
991 735 1049 817 uis
1074 735 1224 819 civibus
1249 740 1296 820 ad
1321 737 1522 821 civitatem

176 897 204 947 „
228 845 373 947 nogium
401 840 864 942 Conslammupolrtauam
891 836 1184 941 proficiscente,
1217 839 1347 943 ibique
1362 857 1522 924 moram

172 993 202 1047 9,
226 947 400 1034 trahente
436 943 635 1045 contigit,
670 963 804 1022 contra
837 963 992 1042 gentem
1019 938 1251 1024 Blachorum
1285 942 1522 1040 o'Potestate

174 1045 532 1150 „regimonium
560 1041 992 1145 Constantinopolitanae
1011 1095 1026 1140 ‚
1045 1042 1089 1123 8(
1119 1043 1278 1126 Venetis
1312 1042 1525 1126 exercitum

164 1187 199 1256 5,
224 1148 440 1256 proparari.
468 1151 515 1228 ln
565 1171 621 1227 uo.
641 1145 822 1248 siquidem
848 1145 1019 1225 exercitu
1043 1167 1278 1228 memoratus
1299 1146 1454 1228 Nobilis
1464 1148 1523 1246 Ja-

171 1295 199 1348 ·„
224 1253 343 1330 cobus
363 1249 505 1330 mauro
589 1246 763 1352 pitaneus
788 1246 1022 1344 instituitur,
1046 1245 1084 1325 8(
1108 1269 1344 1349 praeceptor.
1380 1241 1523 1330 Putatis

168 1401 197 1451 ,‚
222 1351 351 1467 itaque
374 1352 526 1452 galeis,
561 1376 606 1432 ac
630 1348 716 1428 aliis
740 1345 962 1449 opportunis
987 1347 1034 1426 ad
1060 1349 1205 1429 bellum
1232 1346 1520 1467 omnipotentis

166 1506 196 1552 „
223 1454 301 1531 Der
326 1449 582 1533 misericordia
607 1448 833 1551 implorata,
856 1469 1085 1551 acceptoque
1111 1449 1220 1531 beuti
1246 1450 1378 1532 Marci
1399 1447 1520 1540 vexil-

166 1605 195 1653 ‚,
221 1553 286 1648 lo,
311 1552 528 1653 marequod
554 1553 673 1652 vulgo
696 1576 880 1652 magnum
901 1572 1061 1630 vocatur
1085 1549 1520 1654 legentestdcivitatem

166 1677 304 1754 „quar
336 1655 578 1734 Mesembria
604 1675 844 1755 nuncupatur
867 1651 1162 1769 applicuerunt:
1197 1680 1312 1757 quarn
1336 1652 1414 1733 fine
1444 1665 1521 1731 tna·

165 1803 193 1853 „
217 1779 295 1854 gna
317 1754 434 1855 strage
461 1755 662 1834 hominurn
697 1754 820 1856 gratia
853 1754 1017 1848 faciente
1042 1752 1174 1834 divina
1192 1773 1378 1855 ceperunt
1399 1808 1410 1830 .
1445 1756 1519 1836 Ca-

166 1907 194 1953 „
219 1878 284 1955 pta
310 1876 438 1934 autem
474 1856 631 1935 civitate
663 1852 907 1934 Mellembria
944 1853 1105 1936 victores
1129 1880 1219 1934 cum
1246 1853 1446 1956 tripudio,
1480 1856 1519 1934 8(

166 2007 194 2053 ,,
221 1955 353 2034 laetitia
380 1982 517 2057 magna
542 1958 578 2035 S.
605 1955 755 2057 Sophiae
780 1953 986 2035 Ecclesiam
1025 1955 1208 2049 maiorem
1232 1954 1417 2034 intrantes
1442 1980 1519 2036 rne-

165 2105 193 2153 „
220 2078 412 2138 moratum
439 2058 654 2136 thesaurum
681 2082 817 2157 corpus
853 2053 1078 2136 loriofiffirni
1096 2051 1274 2157 marspris
1299 2054 1357 2133 sui
1386 2054 1516 2135 Theo·

162 2206 191 2254 „
216 2155 301 2235 dori
337 2157 598 2238 invenerunt.
633 2157 791 2237 Sublato
817 2082 978 2274 {nique
1004 2154 1107 2254 tali,
1143 2183 1186 2236 ac
1213 2177 1321 2271 tanto
1357 2154 1516 2257 pignore

29 2333 32 2342 ,
159 2307 187 2353 „
212 2255 319 2336 idem
342 2259 504 2356 Iacobus
528 2259 577 2337 ad
599 2258 797 2339 civitatem
823 2283 967 2359 regiam
978 2256 1444 2359 Constantinopolitanam
1464 2259 1514 2339 se·
1619 2299 1622 2312 ·

160 2407 190 2455 ‚,
215 2383 308 2462 cum
333 2357 493 2453 detulit,
518 2358 556 2437 8(
581 2359 622 2436 io
647 2360 813 2439 Ecclesra
829 2362 865 2438 S.
879 2357 1059 2455 nicolai,
1075 2385 1157 2461 qua
1176 2384 1300 2459 groco
1326 2361 1516 2442 vocabulo

160 2510 188 2555 „
212 2458 356 2539 dieitur
365 2459 411 2537 de
420 2459 591 2542 Embulo
603 2460 866 2558 Venetorum,
890 2459 957 2541 ubi
984 2460 1105 2561 ipsum
1130 2461 1336 2542 collocavit
1361 2460 1514 2562 honori

160 2611 191 2657 ,‚
218 2560 312 2637 fiee.
336 2561 517 2661 Cumque
544 2583 609 2660 pet
633 2588 751 2644 annos
776 2559 1106 2678 decem'praetiolar
1125 2563 1296 2664 reliquiar
1321 2561 1444 2657 tanti,
1469 2588 1513 2641 ac

159 2710 190 2758 ,‚
216 2658 411 2759 magnifici
431 2662 610 2761 martyris
631 2662 900 2762 acquievissent
920 2689 960 2739 m
973 2663 1138 2741 Ecclesia
1148 2682 1383 2756 memorata3
1409 2663 1514 2741 Mar·

149 2799 187 2858 ·,‚
213 2785 282 2840 cus
309 2761 443 2839 Dauro
468 2761 766 2862 consanguineus
792 2761 958 2863 ejusdem
985 2761 1117 2863 Jacobi
1142 2764 1267 2864 elapso
1292 2764 1422 2842 decem
1449 2787 1512 2840 an·

153 2913 183 2960 „
210 2883 351 2941 norum
377 2862 569 2942 curriculo
593 2864 639 2941 de
665 2861 820 2943 civitate
846 2863 950 2966 regia
975 2885 1161 2960 tanturn,
1196 2889 1239 2942 ac
1265 2861 1513 2962 magnificum
1563 2859 1582 2872 “

157 2961 434 3060 „thesaurum
481 2966 593 3045 tolles
627 2963 752 3043 secum
800 2962 982 3046 Venerios
1017 2962 1186 3044 detulit.
1220 2962 1272 3041 Et
1308 2981 1387 3041 tarn
1423 2987 1514 3060 pra·

148 3097 186 3160 ·‚‚
212 3061 353 3142 tiosurn
391 3087 531 3146 munus
555 3064 730 3145 Ecclesiae
757 3065 955 3164 Domini,
987 3067 1028 3146 8(
1052 3061 1258 3145 Salvatoris
1282 3061 1396 3142 nostri
1422 3063 1512 3162 Jesu

141 3203 182 3260 ·„
209 3161 356 3239 Christi
385 3162 585 3244 humiliter
608 3167 774 3260 obtulit,
798 3167 837 3244 8(
858 3167 1016 3245 devote.
1043 3167 1216 3265 Corpore
1229 3160 1406 3263 siquidem
1418 3162 1512 3263 ejus·

153 3315 184 3360 ,‚
210 3261 297 3356 dem
323 3261 573 3365 gloriosissimi
600 3264 786 3368 Martyris
811 3266 854 3345 in
880 3287 1090 3346 memorata
1102 3264 1255 3345 Basilica
1267 3284 1508 3361 reverenter,

154 3415 185 3461 ,‚
209 3389 257 3443 ac
284 3362 433 3446 honore
465 3366 596 3447 debito
620 3367 844 3465 collocato,
869 3359 1090 3466 mirabilis,
1123 3395 1166 3449 ac
1193 3367 1376 3469 gloriosus
1402 3367 1510 3444 Deus

155 3515 185 3562 ,‚
211 3487 282 3564 per
306 3466 485 3550 sanum
511 3469 620 3547 suurn
646 3466 840 3586 praetiosa,
864 3495 907 3550 ac
934 3469 1100 3574 preclara
1127 3469 1309 3549 miracula
1334 3468 1510 3568 dignatus

154 3615 184 3663 ‚,
210 3565 265 3642 est
290 3568 491 3667 magnifice
517 3585 685 3670 operari.
711 3571 814 3650 Nam
841 3570 1192 3668 coeci-illuminati,
1217 3567 1509 3648 damoneseffu·

153 3717 182 3765 ‚,
208 3662 290 3762 gari
303 3721 323 3780 ι,
360 3669 546 3767 paralitici
571 3673 659 3749 suot
695 3671 878 3751 membris
912 3672 1072 3775 propriis
1098 3670 1328 3778 propagari3
1363 3669 1507 3775 claudis

153 3816 183 3862 ‚‚
210 3786 380 3878 aperitur
404 3772 564 3868 gressus,
588 3770 891 3852 febricitantibus
915 3775 1079 3853 donatur
1105 3767 1293 3853 restitutio
1318 3769 1510 3865 sanitatis,

154 3918 184 3962 „
210 3860 363 3952 inferos
388 3868 509 3966 peste,
533 3897 578 3950 ac
603 3872 838 3952 diversorum
864 3875 1088 3955 morborum
1114 3871 1314 3973 generibus
1351 3871 1508 3966 largitur

152 4018 183 4062 ‚‚
210 3964 402 4081 salutifera
428 3970 650 4052 medicina.
686 3973 795 4078 Quid
818 3971 949 4080 plura?
984 3978 1197 4059 multorum
1232 3969 1506 4055 miraculorum

154 4115 183 4164 „
209 4064 350 4170 spetres
373 4067 642 4154 inveniamus.
959 4125 963 4136 η
