3850 5342
459 426 543 532 156
679 418 759 505 Dis
790 419 1071 505 Ecctasiii
1103 418 1451 503 Piiiiociiiiii

394 567 494 671 ginis
520 567 699 672 pietatem
726 568 956 667 obtestatur,
981 593 1025 652 ut
1046 598 1152 653 novo
1178 568 1364 651 beneficio
1390 568 1458 649 sibi
1484 566 1611 647 lucent
1636 563 1746 647 resti-

393 690 505 751 tuens
531 672 691 750 recentis
717 670 879 772 prodigii
905 697 1044 754 munus
1064 670 1258 753 cumulare
1279 671 1477 772 dignetur,
1502 690 1659 769 repente
1684 697 1742 749 ca·

394 770 515 872 ligine
533 773 682 874 depulsa
708 771 786 870 eius
813 773 914 852 oculi
942 801 1042 857 nova
1067 776 1153 854 luce
1173 773 1382 852 donantur.
1408 769 1672 885 Prodigiorum
1695 770 1748 848 sa·

394 897 458 950 ma
483 874 529 951 ad
540 872 1036 975 EpiscopumCastellanum
1053 875 1199 970 delata,
1224 872 1376 955 caelestis
1388 897 1554 951 muneris
1579 873 1743 972 gratiam

394 971 560 1053 Civibus
581 973 880 1054 Ariminensibus
905 977 972 1075 qui
997 1003 1045 1056 ex
1071 977 1160 1055 navi
1187 1001 1305 1075 nuper
1325 975 1590 1054 descenderant
1610 997 1746 1052 conte·

395 1071 600 1171 stantibus,
626 1074 792 1154 Plebano
813 1075 987 1157 Ecclefiae
1012 1080 1048 1157 S.
1071 1076 1261 1157 Martialis
1289 1076 1481 1154 mandavit
1504 1129 1519 1171 ,
1553 1095 1595 1153 ut
1624 1075 1746 1153 Navi·

399 1177 486 1253 cula
512 1178 614 1256 sacro
634 1177 744 1256 dives
769 1177 942 1257 thesauro
967 1181 1013 1257 ad
1034 1178 1280 1259 Cathedralis
1299 1176 1455 1276 Templi
1480 1200 1606 1253 aream
1632 1176 1743 1255 duce·

397 1298 519 1355 retur.
546 1280 601 1358 Ut
613 1277 668 1356 sui
680 1277 870 1356 Antistitis
891 1301 1138 1383 exequeretur
1150 1280 1370 1359 mandatum
1382 1279 1593 1372 Pictanus,
1613 1278 1743 1355 assum-

398 1377 473 1477 ptis
493 1377 534 1457 in
563 1380 701 1467 laboris
736 1380 954 1459 societatem
981 1380 1180 1461 nonnullis
1209 1378 1373 1459 Clericis
1409 1378 1565 1478 aliisque
1592 1378 1664 1477 piis
1692 1376 1745 1455 vi·

396 1477 472 1573 ris,
498 1480 589 1557 dum
611 1482 788 1581 cymbam
815 1481 950 1562 eloco
976 1508 1154 1562 amovere
1180 1501 1389 1575 conantur,
1415 1478 1625 1558 immobilis
1651 1475 1747 1558 sadla

398 1578 611 1683 cuicunque
633 1582 866 1661 trahentium
877 1584 1033 1663 conatui
1059 1583 1207 1663 sortiter
1231 1581 1390 1676 restitit,
1419 1605 1488 1660 nec
1514 1581 1549 1658 se
1578 1605 1746 1682 unquam

395 1680 445 1759 ab
466 1682 640 1761 Ecclesia
666 1683 746 1783 ripa
772 1684 929 1783 separari
955 1684 1142 1786 permisit.

446 1782 532 1863 Hoc
559 1805 603 1861 ut
627 1785 673 1861 ad
694 1783 923 1886 Episcopum
949 1787 1118 1866 delatum
1140 1783 1216 1881 est,
1240 1783 1425 1873 continuo
1440 1781 1604 1875 Divina
1626 1782 1745 1884 dispo-

360 1948 369 1963 .
399 1881 515 1962 tionis
541 1882 725 1963 virtutem
753 1886 794 1963 in
820 1913 868 1965 eo
894 1887 1082 1969 miraculo
1107 1885 1236 1965 sensit.
1263 1891 1505 1987 Quapropter
1527 1911 1579 1969 ne
1606 1883 1745 1967 Numi-

311 2012 312 2017 *
397 1982 456 2096 nis
483 1985 673 2064 voluntati
699 1988 980 2086 adversaretur,
1006 1987 1256 2088 prodigiosam
1282 1988 1490 2087 imaginem
1523 1987 1620 2064 Divi
1642 1987 1745 2065 Mar·

399 2084 501 2162 tialis
528 2086 695 2188 Templo
720 2088 969 2186 adjudicavit.
994 2088 1153 2168 Celebri
1179 2088 1306 2189 itaque
1333 2113 1495 2189 pompa,
1519 2112 1635 2187 quatri
1659 2087 1747 2165 iliu

395 2180 567 2296 liriorem
586 2188 747 2266 reddidit
770 2189 955 2289 Principis
981 2191 1264 2270 &Venetorum
1289 2192 1494 2269 Procerum
1514 2189 1654 2290 pietas,
1680 2186 1747 2289 qui

395 2308 438 2362 iii
464 2289 745 2369 venerationem
772 2290 942 2370 Caelestis
962 2290 1120 2392 Regina
1150 2290 1386 2370 translationi
1414 2290 1504 2370 huic
1530 2289 1668 2368 adstare
1686 2292 1748 2368 de·

398 2408 632 2485 creverunt,
669 2389 923 2491 prodigiosum
943 2393 1078 2471 Maria
1101 2391 1271 2493 Virginis
1297 2392 1536 2471 simulacrum
1563 2389 1744 2506 angelicis

395 2483 602 2600 perlectum
628 2492 803 2570 manibus
830 2513 909 2571 tota
935 2493 1012 2573 sere
1038 2493 1193 2574 civitate
1219 2494 1447 2595 plaudente,
1471 2492 1513 2570 in
1531 2491 1629 2571 Divi
1642 2492 1745 2570 Mar·

395 2586 500 2699 uasis
523 2591 732 2692 Templum
756 2592 953 2673 indusium
979 2595 1065 2694 est,
1101 2595 1143 2677 in
1172 2621 1250 2697 quo
1286 2595 1496 2676 etiamnum
1525 2592 1746 2675 continuata

399 2690 671 2771 miraculorum
697 2694 908 2794 frequentia
929 2695 1111 2799 resulget.
1369 2716 1374 2725 ’

449 2791 568 2871 Anno
601 2823 703 2896 1373.
730 2796 826 2875 Divi
860 2798 1053 2879 Tutelaris
1078 2798 1297 2881 solemnitas
1322 2798 1422 2879 inter
1448 2797 1562 2879 festos
1588 2797 1746 2878 Ducalis

399 2883 534 3003 Palatii
570 2893 649 2974 dies
684 2898 928 2979 adnumerata
964 2900 1053 2999 est,
1085 2905 1136 2982 ob
1174 2923 1249 2983 tres
1286 2900 1448 3003 insignes
1485 2899 1662 2978 victorias
1699 2900 1749 2977 de

397 2986 633 3091 Reipublicae
656 2995 823 3078 hollibus
843 3000 1001 3097 relatas,
1026 3030 1121 3104 quas
1138 3029 1226 3083 cum
1240 3003 1413 3102 Deiparae
1435 3000 1597 3095 Matris,
1623 2999 1745 3079 Divo·

374 3111 557 3195 pulsuque
579 3097 740 3196 Marci,
775 3101 812 3179 8(
844 3101 1037 3183 Martialis
1072 3104 1397 3189 intercessionibus
1435 3101 1650 3197 tribuendas
1676 3100 1749 3179 esse

395 3195 562 3306 censeret
585 3198 743 3281 Senatus
770 3203 911 3283 Veneri
938 3205 1057 3306 pietas
1076 3260 1094 3302 ‚.
1127 3231 1176 3286 ex
1201 3207 1276 3288 hoc
1302 3204 1430 3285 statuit
1457 3226 1500 3284 ut
1523 3201 1620 3283 Divi
1641 3202 1746 3283 Mar·

396 3292 497 3372 tiahs
517 3296 650 3378 sellum
670 3302 717 3382 de
738 3326 874 3386 caetero
898 3308 985 3386 esset
1005 3307 1197 3388 solemne.
1381 3310 1384 3316 ’

396 3487 425 3533 υ
705 3481 810 3560 1373.
832 3489 865 3561 3.
876 3442 1004 3563 sulii.
1030 3470 1077 3538 In
1103 3458 1447 3565 Majori'Confisin.

397 3640 425 3682 ι,
500 3602 637 3714 Quum
661 3604 703 3686 in
726 3609 835 3690 Festo
846 3611 883 3687 S.
895 3606 1087 3687 Martialis
1114 3609 1358 3690 obtinuimus
1382 3632 1455 3691 tres
1482 3608 1668 3691 notabiles
1694 3602 1747 3684 vi·

397 3741 429 3785 -ii
454 3691 587 3814 &urias
612 3710 847 3809 temporibus
870 3709 1003 3789 nostris
1030 3707 1123 3789 sicut
1143 3711 1308 3811 quilibet
1329 3712 1450 3812 potest
1461 3709 1669 3806 recordari,
1695 3707 1748 3789 vi

392 3838 419 3883 ii
445 3794 581 3883 delicet
607 3810 652 3887 ad
675 3810 834 3889 Bastiam
855 3812 971 3910 Jadra
998 3810 1035 3889 8ι
1067 3837 1133 3912 per
1153 3814 1309 3891 Galeras
1328 3812 1468 3905 nostras
1488 3811 1638 3913 Culplii
1659 3835 1746 3888 con-

386 3930 429 3987 φ,-
448 3916 503 3978 tra
526 3906 671 3988 Turcas
698 3910 740 3989 in
767 3912 988 4008 Romania,
1013 3912 1052 3989 8<
1079 3938 1180 3991 nunc
1206 3935 1338 3995 contra
1370 3915 1564 4001 Paduauos
1590 3914 1628 3991 8(
1654 3910 1747 3989 alios

392 4022 620 4111 rapotentes
639 4011 835 4093 conflidlos
861 4038 927 4114 per
952 4013 1104 4093 felicem
1141 4013 1348 4092 exercitum
1389 4014 1558 4095 nostrum
1579 4069 1596 4113 2
1628 4010 1749 4092 &fir-

394 4143 421 4185 ω
447 4120 560 4211 miter
572 4113 781 4191 tenendum
791 4114 833 4193 sit
844 4117 945 4215 quod
957 4116 1065 4194 Deus
1076 4115 1330 4215 Omnipotens
1357 4141 1404 4192 eii
1429 4117 1494 4194 sua
1521 4117 1659 4217 pietate
1705 4135 1744 4192 et

394 4243 422 4287 n
450 4207 749 4314 intercessionem
774 4214 1006 4296 intemerata
1018 4216 1067 4291 V.
1078 4218 1137 4293 M.
1157 4218 1251 4312 sua,
1271 4214 1582 4299 &Gloriosissimi
1593 4219 1630 4296 S.
1693 4239 1747 4294 ar-

395 4344 422 4384 „
448 4322 484 4377 ci
511 4304 739 4395 Protesloris
765 4317 880 4395 nostri
904 4318 941 4395 8ι
971 4316 1079 4395 Beati
1101 4317 1292 4397 Martialis
1328 4318 1367 4397 8<
1393 4318 1558 4399 aliorum
1589 4314 1742 4397 Sanno

395 4441 423 4486 u
445 4422 531 4483 rum
557 4405 673 4491 dictas
701 4415 901 4514 victorias,
925 4417 1191 4527 &triumphos
1216 4419 1259 4533 in
1282 4417 1385 4505 disto
1403 4418 1503 4500 'sesto
1524 4419 1742 4599 notabbilitet

1405 4536 1409 4543 ’
1524 4572 1552 4617 ,,
1578 4546 1630 4599 no
1658 4542 1689 4595 is
