3850 5342
361 422 571 507 Sancta
601 414 1001 497 Caurtnur'aa·
1033 411 1142 494 Soc.
1177 414 1276 497 Mu.
1348 428 1430 526 21'3
1555 460 1560 467 ·

160 576 237 661 lino
262 575 299 653 se
321 565 486 651 Maximi
514 563 718 667 passionem
742 555 929 659 collegisse
955 558 1110 638 testatur
1135 559 1146 638 i
1173 563 1209 641 se
1232 554 1436 647 Ma'nzolus
1457 565 1500 649 in

158 677 321 758 editione
343 668 488 765 Veneta
509 721 522 763 ,
547 665 648 766 quod
674 661 828 840 quidem
853 686 876 737 a
902 659 1073 773 Ferrario
1099 660 1133 738 sa
1173 691 1236 743 um
1259 668 1309 744 est
1337 667 1375 744 in
1401 692 1500 746 cata·

153 781 240 878 logo
262 772 484 863 satalia,
511 789 553 844 ut
580 765 655 866 ipse
695 782 817 842 aretur
843 760 889 838 ad
915 760 993 838 dtes
1015 790 1073 860 29.
1096 764 1220 860 Maii,
1246 766 1281 844 8(
1309 792 1361 844 10.
1384 768 1499 847 Odio-

158 880 265 971 bris,
291 874 359 952 ubi
385 896 451 974 pto
473 864 598 947 Decio
625 865 857 963 persecutore
882 859 1032 939 forsitan
1059 886 1106 939 ex
1133 866 1326 965 equivoco
1350 865 1500 948 Diocle.

153 979 296 1057 tianum
318 970 476 1073 ingerit.
502 969 609 1047 Cum
623 963 779 1044 Venetis
804 986 953 1063 quoque
975 963 1195 1042 Maximum
1220 968 1434 1068 Martyrem
1456 971 1494 1053 &

54 1080 56 1085 ⁴
157 1078 394 1178 Episcopum
411 1066 884 1169 longeante-Manzolum
911 1063 1149 1159 crediderim
1170 1069 1394 1166 Januenles.

207 1180 324 1254 Porto
342 1192 397 1251 -ctt
425 1168 591 1248 nominis
608 1164 903 1257 ‘convenientia‚
928 1190 1004 1263 quo
1031 1166 1247 1244 claruerunt
1275 1167 1504 1255 inCatholi·

156 1303 199 1356 ca
224 1277 297 1354 fide
319 1275 531 1371 complures
550 1266 742 1345 sansiitate
753 1264 884 1342 eximii
905 1263 1004 1360 viri,
1024 1287 1267 1354 autumarunt
1293 1271 1417 1348 etiam
1438 1272 1502 1350 ali·

184 1378 221 1453 ui
246 1374 468 1454 Maximum
495 1371 536 1447 in
558 1364 721 1446 Ecclesta
742 1368 779 1442 S.
801 1364 983 1444 Cantiani
1009 1368 1242 1449 adservatum
1271 1371 1501 1473 Episcopum
1630 1390 1632 1394 “

155 1401 258 1555 soille
286 1468 579 1573 RegioLepidi‚
604 1466 708 1561 cujus
735 1464 862 1543 selliva
884 1465 961 1543 dies
988 1466 1028 1545 in
1054 1468 1101 1544 R.
1129 1471 1186 1547 M.
1214 1473 1415 1570 apponitur
1441 1473 1502 1552 die

157 1605 214 1669 27.
229 1571 487 1658 Novembris3
514 1570 676 1668 inquem
697 1566 833 1666 pariter
845 1589 1009 1644 errorem
1023 1568 1136 1647 nimis
1149 1570 1360 1650 inconsulto
1383 1575 1502 1676 lapsus

141 1676 204 1756 'est
228 1676 417 1754 Nicolaus
439 1668 663 1763 Manerbius
679 1668 854 1749 :Venetus
881 1667 963 1767 pius
999 1669 1212 1748 Monachus
1233 1673 1435 1751 Camaldul
1462 1702 1502 1752 n·

142 1775 220 1871 sis,
247 1775 321 1876 qui
340 1775 392 1850 ad.
415 1771 511 1851 vitas
544 1765 857 1867 Sandlorumpcr
882 1769 1064 1867 Jacobum
1093 1771 1325 1870 Voraginem
1346 1703 1503 1853 Aresie-

138 1878 348 1977 -piscopum
371 1870 594 1974 Januenscm
622 1869 879 1966 conscriptas,
915 1869 952 1946 8(
979 1893 1001 1944 a
1027 1870 1063 1945 se
1087 1869 1126 1947 in
1155 1872 1331 1949 Italicum
1358 1873 1503 1951 idioma

153 1977 328 2055 deductas
354 1973 523 2075 apposuit
549 1969 665 2053 etiam
691 1969 811 2047 vitam
843 1970 878 2048 S.
907 1967 1073 2045 Maximi
1094 1972 1273 2071 Episcopi·
1290 1971 1502 2074 Regiolepi-

151 2078 191 2154 di
214 2078 262 2154 C.
285 2077 422 2156 addens
449 2098 581 2173 corpus
605 2070 685 2167 ejus
710 2093 757 2147 ex
779 2069 949 2168 Regienst
972 2070 1007 2148 S.
1030 2071 1131 2149 Petri
1153 2071 1338 2167 Eccum,
1365 2073 1501 2175 inqua

157 2176 365 2278 depositum
392 2175 533 2270 suerat,
560 2170 782 2250 translatum
819 2170 921 2248 luisse
948 2170 1129 2251 Venetias
1163 2173 1209 2249 ad
1238 2173 1287 2250 D.
1317 2173 1503 2253 Cantiani

155 2278 362 2381 Templum
391 2276 457 2356 ubi
484 2272 714 2369 virtutibus,
736 2271 774 2352 8(
799 2269 1070 2351 miraculorum
1090 2272 1301 2374 fulgoribus
1323 2273 1499 2354 incessan·

141 2396 212 2457 tet
233 2385 298 2461 'res
320 2384 466 2461 lendct.
712 2436 715 2445 ·

190 2411 319 2593 ‘Talep
329 2483 495 2561 nominis
532 2479 770 2585 equivocum
805 2482 931 2567 ansam
958 2481 1116 2586 prabuit
1141 2477 1290 2562 cuidam
1318 2476 1495 2582 Regienst

150 2579 246 2656 Crui
273 2606 319 2659 ex
346 2583 556 2661 illaudabili
592 2585 798 2662 devotione
825 2592 944 2668 audax
976 2586 1122 2664 ,facinus
1150 2583 1416 2684 perpetrandi:
1444 2581 1500 2656 in1

152 2682 333 2780 tempesta
358 2683 538 2783 siquidem
559 2684 666 2762 nocie
688 2683 826 2765 furtive
838 2684 1042 2767 Ecclesiam
1056 2686 1258 2785 ingressus,
1284 2680 1321 2760 8(
1346 2682 1392 2758 ad
1405 2702 1497 2761 tunc

150 2777 314 2878 ligneam
348 2785 381 2862 S.
416 2784 597 2883 Corporis
623 2809 747 2861 arcam
784 2812 1031 2887 approperans
1066 2808 1176 2882 caput
1203 2784 1282 2883 ejus
1307 2779 1498 2875 abscidit,

151 2877 391 2982 Regiumque
419 2885 585 2977 detulit,
609 2902 652 2961 ut
673 2884 798 2963 Sansli
824 2886 902 2984 eius
921 2882 1036 2963 Urbis
1064 2888 1207 2985 (prout
1234 2883 1324 2962 salso
1350 2902 1496 2981 reputa·

149 2978 246 3076 bat)
284 2984 458 3083 Episcopi
486 2984 523 3060 8(
550 2984 720 3062 tutelatis
746 2986 879 3085 insigni
906 2985 1067 3084 reliquia
1101 2983 1500 3085 patriamdecoraret.

148 3077 313 3159 Detesio
340 3084 439 3159 surto
462 3083 694 3161 Dominium
715 3087 904 3164 Venetum
933 3110 996 3186 per
1019 3090 1196 3164 Oratores
1223 3085 1306 3162 suos
1327 3107 1349 3160 a
1370 3078 1500 3158 Ponti·

146 3177 217 3258 sice
228 3183 294 3281 qui
307 3205 397 3259 tunc
410 3184 588 3282 temporis
610 3208 688 3260 erat
710 3185 836 3265 Sixtus
847 3186 894 3263 V.
917 3186 1158 3283 impetravit,
1184 3204 1226 3262 ut
1253 3182 1368 3259 minis
1389 3182 1494 3280 Apo·

145 3276 288 3362 slolicis
314 3306 538 3382 cogerentur
564 3283 655 3361 sacri
683 3284 849 3384 pignoris
875 3286 1089 3365 detentores
1114 3285 1282 3363 ablatum
1310 3303 1426 3383 caput
1449 3283 1497 3359 sa-

148 3402 213 3456 cto
238 3387 387 3484 corpori
415 3383 632 3479 restituere,
657 3387 758 3484 quod
782 3385 819 3463 8(
845 3384 985 3464 lassum
1007 3385 1082 3482 esi,
1107 3382 1384 3483 dedudiumque
1405 3381 1499 3459 Clo-

148 3479 247 3559 diam
278 3487 492 3565 venerabile
521 3507 656 3585 caput,
682 3487 769 3565 inde
797 3511 860 3588 per
886 3486 1114 3588 Episcopum
1135 3484 1380 3563 Clodiensem
1408 3483 1499 3559 rela-

149 3597 230 3661 tum
258 3584 310 3665 est
337 3587 497 3665 solemni
535 3612 670 3686 pompa
701 3589 881 3666 Venetias
917 3587 1067 3667 dieat.
1101 3586 1292 3663 Novemb.
1330 3581 1500 3684 advespe·

150 3688 343 3765 rante-die
364 3744 378 3784 ‚
402 3689 440 3768 8(
466 3689 507 3765 in
529 3687 670 3764 Ducali
696 3689 791 3766 Divi
813 3687 937 3766 Marci
961 3685 1115 3766 basilica
1143 3684 1242 3763 inter
1267 3681 1412 3763 festivas
1439 3710 1501 3866 po·

152 3784 229 3879 puli
258 3789 549 3866 acclamationes
577 3788 797 3886 repositum.
826 3787 885 3866 lbi
910 3787 957 3866 ad
983 3786 1163 3886 majorem
1191 3809 1293 3865 atam
1320 3784 1425 3865 inter
1463 3784 1504 3863 u·

152 3883 358 3964 minarium
389 3892 720 3989 lampadarumque
747 3889 992 3988 splendores,
1026 3887 1256 3989 mustcosque
1294 3908 1507 3968 concentus

153 3985 195 4061 ad
222 3988 351 4089 populi
381 3989 626 4088 undequaque
653 3989 882 4067 accurrentis
908 3990 1193 4067 venerationem
1220 3986 1428 4088 expositum
1451 3985 1505 4066 eli

155 4103 233 4164 tota
259 4087 498 4190 subsequenti
526 4088 610 4181 die,
637 4090 756 4167 donec
784 4089 844 4166 die
869 4118 925 4189 23.
953 4112 1035 4191 quac
1058 4088 1246 4168 Mercurii
1273 4086 1380 4184 suit,
1405 4082 1502 4167 cele·

156 4183 258 4265 brata
284 4190 386 4291 prius
412 4189 740 4291 perSpalatenscm
755 4189 1089 4290 Archicpiscopum
1114 4213 1203 4269 cum
1229 4209 1344 4267 cantu
1369 4184 1532 4299 Missa).¹

155 4286 423 4371 Venerandum
448 4292 487 4369 S.
509 4288 674 4367 Maximi
701 4313 813 4391 caput
841 4291 923 4391 ipso
952 4289 1125 4390 Principe
1151 4288 1359 4367 &Senatu
1386 4309 1501 4366 comt·
1569 4299 1578 4306 “

156 4405 258 4471 tante
292 4392 455 4479 solemni
490 4390 763 4497 supplicatione
787 4416 878 4493 cum
894 4435 897 4467 .
913 4391 1108 4492 utriusque
1127 4386 1249 4480 'Cleri
1283 4387 1502 4573 interisregru

195 4546 200 4557 .
1331 4534 1337 4551 r
1401 4512 1432 4574 u
