3850 5342
478 400 538 486 14
674 344 1176 461 Dtt‘Monnsuarto
1206 373 1246 458 S.
1278 375 1471 461 Murro

403 542 489 624 tur,
514 525 578 605 seu
604 523 733 606 vetius
756 524 913 605 cisterna
938 521 1116 603 effoditur
1137 520 1208 601 bac
1226 543 1354 602 tamen
1373 519 1476 623 lege,
1499 525 1550 607 O‘
1569 524 1749 610 conditio·

400 653 471 724 ne,
492 624 591 726 quod
608 626 728 722 juxta
750 622 1007 705 conventiones
1031 622 1081 703 Θ*
1101 622 1372 723 consuetudines
1394 619 1549 705 aliorum
1560 633 1748 730 Mortalia·

400 725 675 807 uorum'aittus
693 748 825 826 puteus
841 726 894 828 fit
917 725 969 805 (Ψ
992 724 1061 836 effe
1080 723 1212 803 debeat
1231 726 1431 807 contumuit
1448 750 1529 807 tam
1551 727 1633 832 ipſss
1654 739 1749 808 rra-

402 826 519 909 oribus
538 855 652 928 quom
670 824 826 927 populo,
850 831 901 909 θ’
927 824 1114 921 omnebus,
1139 823 1189 904 (Τ
1207 820 1393 927 ſsngulis,
1419 825 1484 930 qui
1507 827 1656 909 haurire
1678 858 1747 908 vo·

401 924 541 1033 luerim
571 957 707 1030 aquam
732 959 781 1009 cx
805 928 879 1028 ipso
897 950 1039 1026 puteo.
1065 925 1160 1005 Atta
1186 928 1270 1007 sunt
1298 930 1411 1027 haec,
1444 930 1482 1011 ἃ
1509 930 1550 1011 in
1575 930 1749 1033 publicas

400 1030 549 1113 tabulae
575 1031 720 1110 redona
742 1031 803 1110 die
826 1052 940 1109 autu.
959 1027 1054 1129 Julii
1075 1027 1368 1113 annimillefimi
1388 1029 1748 1135 quadringentesimi

407 1132 645 1232 nonagefimi
671 1131 822 1211 secundi
852 1128 946 1232 (S).
1119 1200 1122 1205 .
1658 1217 1668 1232 ,

449 1232 606 1312 Coaiiis
624 1237 760 1313 Roma
785 1233 901 1312 torius
921 1229 1081 1311 Ordinis
1099 1232 1303 1311 Servorum
1321 1232 1505 1314 Comitiis
1526 1258 1627 1313 anno
1641 1259 1751 1331 1512t

404 1333 603 1413 Pontificio
623 1335 717 1434 Julii
730 1338 779 1413 IL
801 1333 980 1411 mandato
1002 1333 1170 1432 Angelus
1191 1332 1237 1412 de
1260 1335 1396 1413 Aretio
1415 1336 1476 1421 die
1499 1362 1560 1434 25.
1578 1335 1748 1435 Septem·

401 1434 487 1512 bric·
504 1459 590 1513 xxv.
614 1436 699 1515 Reli
728 1435 828 1514 ionis
848 1433 953 1513 Prior
975 1432 1171 1512 Generalis
1193 1434 1408 1515 attumitur.
1436 1439 1473 1515 Is
1498 1433 1644 1534 ingenio
1665 1458 1752 1511 acer

400 1531 451 1610 (9⁴
470 1528 600 1633 [detti
617 1560 687 1634 pru
734 1533 818 1614 utin
836 1532 1037 1632 preditus,
1061 1554 1104 1612 ut
1130 1534 1183 1611 ait
1205 1534 1391 1634 Gianius‚
1416 1534 1562 1634 cognita
1586 1559 1754 1635 quorum-

401 1631 492 1711 tam
512 1646 688 1715 Fratrum
707 1634 887 1736 regnandi
907 1632 1112 1732 cupititate
1136 1661 1220 1711 cum
1246 1634 1292 1712 iis
1310 1635 1436 1736 soedue
1455 1634 1576 1715 inivit
1593 1634 1638 1714 de
1653 1655 1751 1733 pace

401 1736 704 1835 congregationis
721 1733 996 1838 perturbanda.
1020 1744 1180 1815 Romam
1202 1730 1318 1831 igitur
1329 1735 1512 1837 profanius
1528 1765 1623 1813 anno
1640 1762 1751 1832 1513·

406 1834 517 1918 binat
541 1838 689 1921 litteras
713 1865 735 1917 a
755 1842 886 1918 Leone
905 1839 952 1914 tt
971 1836 1038 1935 qui
1059 1837 1163 1934 Julio
1185 1839 1236 1915 ll.
1262 1837 1303 1916 in
1330 1838 1430 1915 Petri
1456 1838 1549 1915 Sede
1575 1834 1753 1913 succedet

401 1956 486 2034 rat,
511 1937 757 2038 impetravit,
782 1963 938 2037 quorum
965 1929 1090 2014 olterae
1109 1933 1229 2015 Priori
1250 1932 1422 2017 Generali
1441 1931 1638 2117 ψαηᾰιε
1658 1936 1752 2007 Con·

395 2034 621 2131 gregariouic
642 2036 861 2135 arbitrium,
878 2030 1173 2138 facultatemque
1189 2036 1420 2134 mambrae,
1485 2060 1570 2115 terae
1590 2059 1681 2113 vcro
1701 2026 1751 2109 da

393 2134 635 2331 ῗῃεξὶαέιέω
654 2147 850 2219 conventu
867 2138 939 2239 sub
959 2132 1273 2219 conventualium
1298 2136 1438 2219 ditione
1460 2165 1504 2217 ac
1525 2131 1676 2236 imperio
1687 2131 1754 2233 su·

418 2256 546 2332 cepren
602 2297 615 2317 .
1306 2258 1308 2261 ’
1331 2288 1340 2298 =

254 2344 260 2357 '
380 2428 382 2437 χ
453 2337 569 2417 Hinc
595 2359 727 2422 exorta
753 2341 795 2422 in
821 2341 969 2422 Ordine
993 2338 1136 2423 diffidia
1161 2368 1244 2443 qua
1269 2342 1382 2423 sutus
1417 2340 1573 2445 exponit
1607 2335 1649 2418 in
1675 2334 1753 2419 suit

402 2438 616 2521 Annalibus
642 2442 925 2544 supralaudatus
942 2443 1103 2523 Gionius
1131 2446 1298 2522 Tomll.
1326 2469 1406 2544 pag.
1418 2474 1478 2544 42.
1506 2442 1573 2523 ubi
1597 2441 1637 2524 8(
1657 2441 1753 2519 Leo

405 2534 528 2650 niuX.
556 2542 723 2640 diploma
750 2545 862 2623 refert
886 2547 1018 2622 Romae
1044 2544 1177 2623 datum
1203 2544 1264 2624 die
1287 2546 1425 2645 x.Julii
1448 2542 1535 2624 anni
1554 2565 1752 2717 ¹5¹3:‘}¹¹⁰

405 2659 527 2735 marus
551 2639 790 2723 Coenobium
817 2648 995 2724 Fratrum
1018 2647 1225 2725 Servorum
1252 2646 1299 2726 de
1325 2645 1499 2724 Veneriis
1535 2645 1603 2720 sub
1639 2664 1754 2742 rprus

403 2733 542 2834 Aregeli
566 2738 617 2819 Θ
642 2742 806 2822 omnium
833 2743 873 2821 in
892 2740 1137 2825 Generalatus
1155 2743 1279 2845 Officio
1296 2744 1534 2856 succcfforum
1561 2738 1756 2819 immedia-

404 2839 713 2948 taprotediione,
739 2845 789 2927 Θ
814 2873 925 2943 crua,
951 2845 1008 2925 ira
1028 2869 1156 2925 tamen
1176 2843 1273 2944 quod
1291 2872 1332 2921 en
1353 2873 1393 2924 co
1411 2840 1581 2922 Coenobio
1600 2839 1672 2944 surb
1692 2868 1756 2914 no·

406 2964 510 3018 mone
528 2996 542 3038 ‚
568 2939 711 3043 titulo,
743 2947 793 3026 (J
812 2975 944 3026 norma
960 2944 1141 3047 regularis
1160 2944 1402 3045 observantie
1419 2943 1602 3033 vivatur,
1629 2937 1755 3037 posuit

405 3037 443 3115 dt
467 3041 999 3143 affignavingsterium
1022 3049 1150 3149 itaque
1170 3049 1206 3126 S.
1230 3046 1587 3137 Masioaservorum
1609 3040 1654 3115 de
1678 3040 1756 3115 Ve-

402 3139 518 3217 neriis
543 3165 564 3217 e
585 3159 690 3218 coetu
713 3140 1036 3241 congregatoris
1056 3146 1229 3213 anutium
1250 3136 1319 3215 sub
1342 3137 1480 3220 Prioris
1490 3137 1686 3221 Generalis
1697 3164 1756 3217 re·

406 3239 552 3337 gimine
580 3239 786 3336 subjeetum
812 3240 967 3335 extitit,
990 3238 1114 3315 donec
1137 3237 1206 3314 Pio
1217 3238 1266 3313 V.
1289 3238 1443 3334 jubente
1467 3238 1758 3319 abolitaObser·

406 3337 581 3415 vantium
593 3340 926 3444 congregatione,
949 3357 1062 3439 atque
1074 3335 1208 3415 exinde
1230 3360 1295 3437 per
1306 3341 1535 3438 Gregorium
1547 3341 1655 3418 XIII.
1667 3339 1758 3417 dua·

407 3439 478 3515 bus
505 3437 683 3521 institutis
704 3442 915 3523 Provinciis
936 3442 1109 3534 Veneta,
1135 3438 1422 3535 &Mantuana‚
1447 3439 1755 3540 primaeipsarum

409 3558 594 3639 tanquam
620 3565 733 3644 caput
753 3545 947 3622 Venetum
970 3542 1005 3619 S.
1029 3537 1168 3621 Maria
1186 3539 1426 3619 Coenobium
1449 3540 1673 3642 preficitur,
1698 3542 1749 3621 de

409 3638 547 3740 quibus
571 3641 647 3722 fuse
668 3644 830 3724 Gianius
855 3645 970 3720 Tom.
994 3644 1045 3720 11.
1074 3666 1156 3741 pag.
1180 3670 1264 3743 239.
1527 3734 1530 3745 Ι

455 3743 604 3823 Interea
630 3747 723 3823 dum
747 3745 826 3823 hac
852 3764 1041 3843 aguntur,
1064 3743 1286 3821 Commune
1313 3743 1353 3822 8(
1377 3743 1552 3823 homines
1563 3736 1666 3824 Villo
1677 3751 1755 3843 Ag-

406 3840 504 3935 geris
526 3843 795 3924 Bondellorum
823 3848 839 3944 (
858 3844 1057 3924 Arzereilo
1078 3844 1094 3938 )
1117 3869 1200 3942 quae
1226 3844 1291 3921 fita
1318 3846 1369 3923 est
1395 3845 1651 3925 incomitatu
1670 3848 1755 3926 Sac-

408 3940 928 4038 comministravimus,
952 3943 1170 4024 devotionis
1196 3945 1340 4023 intuitu
1364 3971 1438 4045 qua
1458 3948 1611 4027 Fratres¹
1625 3948 1758 4025 Servo·

409 4062 494 4121 tum
520 4045 567 4122 de
577 4045 826 4125 Obseruantia
840 4047 1182 4145 prosequebantur,
1206 4046 1412 4127 Ecclesiam
1434 4049 1471 4126 S.
1492 4047 1626 4125 Mario:
1638 4048 1756 4126 Mise-

412 4141 582 4225 ricordiae
607 4147 648 4225 in
674 4147 810 4225 eodem
830 4145 1045 4227 Communi
1071 4147 1181 4246 super
1204 4147 1365 4228 fundum
1391 4176 1415 4229 a
1439 4147 1681 4249 Hieronymo
1708 4147 1755 4227 de

413 4242 584 4319 Avantio
595 4246 698 4329 Cive
716 4248 878 4325 Veneto*
893 4249 967 4346 jam
991 4246 1138 4348 pridem
1158 4251 1373 4331 concessum
1400 4249 1617 4348 nuperrime
1641 4247 1753 4329 aedifi·

411 4359 539 4421 catam
566 4340 648 4455 ipsu
675 4346 791 4443 pleno
816 4346 896 4447 jure
921 4349 1144 4433 obtulerunt
1170 4351 1289 4451 (T).
1315 4348 1579 4433 Donationem
1606 4347 1753 4528 ‘'¹559st

1670 4477 1704 4528 re
