3850 5342
255 1185 378 1228 ,
398 1162 449 1236 c!
479 1126 519 1203 D
544 1124 668 1227 operis
693 1126 803 1226 hujus
824 1127 993 1208 laborem
1004 1120 1176 1209 alacriter
1195 1121 1494 1231 suscipiendum,
1520 1146 1569 1210 ur

244 1231 338 1352 «(ζὴ
357 1241 364 1266 ‘'
395 1217 449 1336 {gii
492 1225 534 1303 in
570 1227 736 1306 Proemio
762 1228 924 1308 Decadis
958 1229 1092 1330 prima
1114 1250 1244 1331 aperte
1267 1230 1440 1332 professus
1466 1232 1577 1326 lum,

238 1353 307 1441 τῃ
393 1332 448 1443 ᾗ
492 1327 576 1405 duae
599 1324 864 1428 potiffimum,
900 1352 1027 1431 eaeque'
1051 1331 1271 1432 graviffimae
1296 1332 1416 1411 causae'
1438 1330 1559 1430 impu-

247 1399 354 1531 lii
393 1421 446 1513 ‘d'
490 1427 639 1506 lerunt,
672 1429 798 1508 Prima
822 1429 977 1530 quidem
1005 1452 1047 1510 ut
1074 1431 1330 1511 Ec‘clesrallica
1353 1429 1469 1532 Urbis
1496 1433 1563 1507 hu·

231 1511 448 1625 ,EQ
490 1527 545 1626 jus
571 1528 864 1608 luculenriffima
889 1551 1164 1629 monumenta,
1189 1554 1274 1633 quae'
1296 1532 1395 1613 mihi
1424 1529 1560 1609 studio

244 1719 254 1743 ἃ
487 1630 528 1739 le·
545 1627 752 1727 inquirenti
774 1627 1451 1734 invenirecontigerat,atemporum
1464 1631 1560 1711 obli-

216 1752 354 1822 vrone,
380 1726 417 1802 8<
444 1725 580 1822 injuria
605 1724 910 1828 vindicarentur,
936 1731 1120 1829 sunulque
1145 1734 1192 1812 iis
1219 1733 1447 1833 perpetuitas
1474 1754 1562 1832 pra:-

211 1827 242 1909 li
270 1849 343 1926 ope
368 1825 520 1903 tandem
543 1820 747 1922 aliquando
771 1825 991 1902 adderetur:
1015 1829 1131 1905 altera
1156 1854 1247 1905 vero
1260 1853 1301 1907 ut
1311 1830 1563 1909 Ecclesrarum

210 1925 429 2006 Praesrdibua
452 1923 623 2009 stimulos
647 1916 912 2018 admoverem,
938 1948 987 2003 ue
1011 1950 1055 2002 ea
1076 1925 1219 2003 diutius
1238 1929 1358 2002 latere
1377 1929 1567 2018 fluerent,

210 2048 292 2128 quae
318 2026 359 2104 in
385 2025 513 2103 lucem
547 2020 732 2125 protradla
755 2023 931 2102 Ecclesris
967 2023 1040 2103 suis
1074 2044 1335 2128 ornamento,
1371 2024 1561 2127 interdum

210 2126 327 2207 etiam
355 2124 521 2227 praesrdio
547 2124 615 2201 else
644 2124 804 2223 pollent.¹
830 2130 959 2224 Atque
983 2125 1079 2203 illud
1105 2125 1286 2226 quidem,
1310 2125 1410 2224 quod
1438 2145 1565 2203 totum

172 2268 176 2273 ·
211 2225 254 2307 in
279 2250 344 2307 me
367 2246 473 2323 erat,
496 2222 674 2314 obtinui3
698 2246 929 2325 quamquam·
954 2240 1004 2303 ex
1027 2225 1169 2303 virium
1196 2251 1365 2304 mearum
1392 2225 1567 2303 imbecil-¹

212 2328 343 2424 litate,
368 2346 482 2428 quant
508 2350 587 2404 non
614 2317 806 2420 diffiteor,
832 2351 912 2429 non·
935 2326 1132 2422 habeam,
1168 2348 1236 2406 cur
1261 2327 1302 2405 in
1327 2352 1375 2405 eo
1400 2351 1461 2405 me
1488 2351 1567 2403 ma·-

209 2429 348 2530 gnifice
371 2426 554 2506 efferam.
592 2427 647 2504 At
673 2427 749 2504 hoc‘
773 2426 978 2505 secundum
1005 2427 1074 2504 vix'
1099 2453 1175 2507 non
1202 2426 1364 2507 omnino
1401 2427 1562 2507 succell'u

207 2530 327 2608 caruit
338 2580 352 2606 .·
376 2530 497 2607 Pauca
521 2528 691 2628 quadarn
717 2526 829 2605 allata
855 2529 941 2605 sunt
967 2528 1089 2623 mihi,
1116 2555 1185 2607 nec
1207 2526 1336 2627 magni
1348 2550 1451 2607 certe
1473 2553 1561 2626 pon

207 2628 327 2708 derisa
350 2630 452 2730 quod
477 2650 527 2709 ex
551 2629 869 2706 documentorum
893 2626 1023 2729 inopia
1049 2627 1187 2707 lactum
1209 2628 1383 2708 arbitrari
1405 2630 1565 2720 malim,

209 2752 322 2830 quam·
348 2754 396 2809 ex
422 2728 634 2808 illaudabili
660 2727 834 2824 inertia,
864 2748 949 2829 qua
973 2730 1148 2808 incendia
1174 2730 1291 2829 pleno·
1324 2748 1395 2808 ore
1417 2730 1561 2827 lemper

206 2850 411 2928 praetexat,
433 2851 476 2910 ut
502 2831 671 2911 laborem
698 2828 915 2908 excutiendi
943 2851 1092 2909 veteres
1114 2830 1266 2909 chartas·
1288 2824 1453 2909 devitet.

258 2934 421 3022 lvnuuu'
445 2926 537 3010 novi
564 2930 662 3009 mihi
688 2924 914 3030 operofiores
940 2953 1098 3011 conatus
1119 2930 1296 3010 exerendi
1316 2930 1491 3023 luerunt,
1518 2944 1564 3005 ut'

208 3052 285 3132 quo
309 3056 489 3131 caeperam
516 3031 609 3132 pede
636 3030 806 3133 prosequi
834 3033 997 3132 pulsem.
1021 3041 1111 3112 Non
1138 3050 1202 3110 rne'
1227 3053 1355 3109 tamen
1377 3029 1559 3127 deterruit

208 3131 384 3211 immanis
409 3132 553 3221 labor,
575 3151 689 3224 quem
716 3132 805 3210 fecit
830 3134 994 3223 levem,-
1029 3133 1068 3211 8<
1092 3131 1276 3211 recreavit
1303 3149 1347 3207 ea
1373 3128 1471 3205 mihi
1509 3128 1559 3222 ju·

208 3232 330 3313 cunda
355 3222 577 3327 cogitatio,
599 3216 710 3399 lquod
745 3220 797 3296 D,
822 3227 875 3297 0,
899 3228 959 3297 Μ.
986 3220 1140 3322 ejusque
1170 3224 1395 3305 Sanctorum
1429 3222 1563 3326 gloriar

205 3329 451 3422 inservirem,
476 3314 580 3425 quod
628 3320 734 3399 atria·
757 3338 852 3399 mea
874 3317 987 3421 decus
1012 3323 1298 3423 conciliarem,
1330 3328 1431 3426 quod
1457 3327 1560 3405 deni-

206 3454 282 3532 que
304 3452 391 3511 mea·
415 3427 499 3505 hac‘
520 3413 814 3525 qualiacumque
837 3420 907 3534 fint
932 3442 956 3500 a·
981 3422 1072 3501 viris
1098 3425 1240 3524 pietate
1264 3450 1369 3527 aque
1387 3448 1434 3507 ac
1459 3427 1563 3506 litteo

204 3532 255 3611 ris
282 3526 537 3632 prestantibus
562 3542 642 3605 non
676 3521 829 3601 inutilia·
863 3523 1020 3620 judicari
1045 3524 1177 3625 sapius
1198 3527 1368 3629 audirem
1392 3574 1404 3605 .·
1436 3528 1559 3628 Igitur

205 3630 433 3726 fecundam,
453 3628 491 3706 8<
517 3624 670 3705 tertiam
681 3622 1138 3717 Decademconcinnavi3
1164 3627 1362 3728 inquibus
1384 3628 1439 3706 ita
1455 3653 1558 3706 com·

205 3730 335 3832 plexus
360 3732 442 3811 lunt
469 3718 675 3820 Ecclefias,
700 3746 785 3826 quae·
808 3722 1424 3809 sacrisclarioribusmouumenti}v
1442 3731 1558 3807 abun·

205 3830 323 3927 dant,
344 3851 386 3907 ut
413 3828 461 3908 iis
484 3829 581 3908 alias'
601 3827 868 3922 admil'cerem‘,
894 3850 1052 3925 quarum
1081 3822 1255 3923 traciatio
1276 3830 1399 3907 brevis
1426 3829 1499 3923 est,
1521 3828 1562 3907 δι

205 3954 317 4012 exuta
328 3978 346 4026 ,·
367 3953 459 4009 cum·
482 3929 584 4008 nihil
610 3929 707 4007 scitu‘
731 3927 894 4025 dignum
916 3924 961 4005 de
989 3927 1034 4005 iis
1062 3929 1108 4006 ad
1135 3926 1257 4006 nostra
1279 3931 1397 4029 usquev
1416 3951 1558 4027 tempo·

204 4058 244 4112 ra
268 4046 460 4119 occurrat.
491 4031 577 4109 Hoc
604 4050 652 4107 eo
671 4025 832 4106 confilio‘
849 4028 1025 4129 praelliti,
1049 4050 1091 4106 ut
1103 4032 1215 4107 rebusv
1235 4026 1288 4107 ita
1299 4030 1556 4128 attemperaris

206 4133 364 4214 minime
391 4154 545 4231 cogerer
570 4129 609 4207 in
635 4126 758 4229 operis
785 4127 861 4206 fine
882 4128 982 4207 levia
1004 4130 1125 4208 multa
1144 4152 1372 4228 congerere,
1397 4129 1560 4228 quae‘Le‹

205 4228 283 4315 dor
309 4233 459 4314 invitus*
479 4231 668 4332 exciperet
682 4276 699 4327 ,·
722 4230 813 4306 dum
841 4229 995 4321 interim·
1023 4231 1096 4309 hac
1120 4222 1210 4309 illac
1236 4230 1416 4328 dispersa,
1443 4250 1559 4332 atque

207 4355 418 4436 opportune
442 4333 583 4414 inserta
604 4357 685 4413 oon
710 4330 932 4427 illibenter,
954 4348 1000 4411 ur
1023 4329 1161 4479 ᾆιιάἱο,
1185 4331 1466 4505 suscipiuntur&

1100 4457 1125 4506 ι
1468 4448 1512 4501 e-
