3850 5342
407 552 413 561 ”
433 540 524 621 bilis
550 537 769 618 Advocatus
797 534 1016 617 Tarvisrnus
1043 534 1140 615 fama
1161 535 1348 614 virtutum
1366 553 1608 632 commotus,
1630 559 1716 637 quae
1736 536 1782 617 de

416 639 617 742 ,religioso
643 635 811 716 foeminis
835 639 1121 738 percrebuerat,
1148 638 1278 717 locum
1304 638 1529 739 quemdam,
1545 639 1616 737 sen
1640 633 1782 715 territo·

432 741 533 821 rium
552 739 733 840 firnatum
753 757 865 836 prope
890 734 1088 816 civitatem
1109 736 1278 841 Tarvifii
1313 762 1420 816 extra
1453 739 1609 835 burgum
1634 735 1782 816 Sanllo

430 870 516 921 rum
535 836 818 944 Quadraginta,
845 837 885 915 in
910 868 978 939 qno
1003 838 1151 938 quidem
1171 835 1252 919 loco
1275 839 1501 940 edificatum
1526 863 1608 917 erat
1632 837 1782 918 beremi-

419 942 594 1037 ,torium,
623 940 708 1041 ipsts
734 939 1089 1021 Santtnnonialibus
1115 944 1239 1058 ampla
1266 943 1468 1022 donatione
1494 942 1706 1037 concessu,
1742 966 1783 1018 ea

432 1043 680 1137 conditione,
707 1064 748 1119 ut
774 1042 915 1120 ibidem
944 1043 1011 1122 sub
1030 1041 1210 1124 Dodiorts
1228 1044 1388 1124 maximi
1409 1041 1533 1122 Sandii
1550 1041 1785 1144 Hieronymi

433 1145 567 1223 ordine
579 1144 614 1222 se
626 1142 849 1243 recipientes
860 1144 955 1221 Divi
967 1145 1169 1245 Augustini
1180 1147 1349 1247 regulam
1361 1146 1637 1248 profiterentur.
1649 1142 1708 1220 Pii
1720 1134 1783 1219 vi·

394 1309 398 1317 .
437 1246 471 1324 ri
482 1244 725 1323 donationem
740 1244 892 1321 nomine
918 1245 1052 1339 &vice
1064 1247 1225 1347 ipsarum
1235 1250 1417 1327 Sororum
1439 1246 1585 1347 excepit
1599 1243 1782 1323 Nicolaus

435 1344 637 1447 Presbyter
668 1346 703 1422 S.
724 1345 878 1423 Fantini
905 1348 950 1425 de
973 1348 1144 1428 Veneriis
1162 1349 1340 1449 Episcopi
1364 1347 1552 1427 Tarvisrni
1576 1344 1782 1436 Vicarius3

405 1536 411 1549 ‚
432 1447 784 1547 cujusmentionem
796 1447 1170 1547 ingeruntAnnotat.
1181 1451 1228 1528 ad
1238 1451 1375 1552 Ughel.
1409 1451 1527 1528 Tom.
1538 1450 1586 1525 V.
1613 1447 1687 1526 col.
1703 1472 1784 1545 553.

408 1555 411 1577 '
484 1547 558 1626 His
582 1544 674 1627 adis
701 1549 831 1627 Petrus
858 1549 995 1628 Paulus
1014 1551 1219 1652 Episcopus
1231 1552 1471 1649 Tarvifinus,
1496 1549 1558 1630 cui
1572 1547 1717 1651 pridem
1738 1569 1783 1622 ex

399 1648 598 1729 :aliorum
626 1647 844 1749 testimonio
870 1650 1037 1750 religio,
1073 1653 1110 1732 8<
1138 1656 1245 1734 bonne
1272 1653 1359 1733 vite
1396 1654 1494 1732 fama
1531 1650 1647 1729 trium
1674 1645 1783 1726 simul

431 1748 653 1850 degentium
676 1749 1031 1843 Sandiu‘nonialium
1057 1753 1326 1851 innotuerant,
1353 1755 1389 1832 8<
1416 1752 1629 1853 religiosam
1650 1750 1784 1828 Mona-

431 1850 527 1928 dusri
549 1850 795 1929 donationem
822 1874 1002 1948 noverat,
1028 1849 1078 1935 de'
1101 1854 1183 1969 ip'sts
1210 1856 1251 1933 in
1276 1855 1453 1954 religioso
1478 1856 1567 1933 'loco
1592 1850 1780 1931 collocan-

430 1949 489 2030 dis
515 1951 715 2031 confilium
741 1951 851 2030 iniit.
879 1949 943 2030 Ad
953 1951 1096 2049 Divini
1117 1978 1247 2055 itaque
1269 1954 1428 2043 nominis
1447 1951 1614 2033 bonorem
1640 1956 1692 2030 Ο·
1708 1941 1782 2059 glo

411 2047 554 2148 riam,
580 2078 712 2129 nomen
737 2079 804 2147 ue,
827 2047 1164 2139 &exaltationem
1187 2057 1298 2136 Beati
1325 2049 1779 2159 rmiJeronymiDollorts

428 2150 566 2251 egregii
584 2081 742 2253 speciali
763 2150 875 2231 ⁴ritulo
901 2182 1041 2233 novam
1060 2153 1261 2259 Becleſsant
1304 2156 1350 2236 ub
1373 2155 1533 2254 ordine,
1565 2158 1617 2233 θ
1641 2146 1781 2249 religio

429 2280 478 2330 ne
503 2253 664 2347 ejusdem
690 2252 976 2355 construendam,
1002 2257 1042 2336 in
1067 2259 1237 2359 superius
1261 2260 1465 2339 enuntiato¹
1485 2259 1573 2343 loeo
1607 2280 1689 2334 enm
1715 2250 1781 2331 lte·

427 2352 588 2455 dulciis,
622 2354 717 2435 (Bo
756 2353 848 2434 cinis
873 2357 1259 2459 neteffariisatdifieari
1273 2360 1461 2463 permisit,
1492 2352 1780 2439 Ineisaedificiis

426 2452 671 2536 includendas
760 2456 1002 2540 instituendas
1020 2460 1092 2559 sub
1113 2483 1288 2558 perpetue
1314 2456 1483 2561 clausura
1497 2452 1643 2557 elegit,
1667 2459 1718 2536 Θ
1734 2451 1781 2567 es·

421 2555 467 2655 se
493 2553 617 2635 voluit
635 2555 811 2656 prefatas
835 2554 1022 2672 religiosos
1040 2560 1288 2640 Kothetinom
1314 2562 1468 2640 condant
1491 2556 1715 2640 heremitam
1741 2580 1780 2632 in

425 2654 562 2734 Sanllo
583 2655 725 2756 Angeia
750 2659 798 2738 de
822 2661 1003 2760 Wnetirs,
1028 2661 1259 2765 Bernardam
1281 2662 1333 2745 Θ
1346 2674 1597 2771 jeronymum
1612 2655 1781 2761 profeffos

424 2752 558 2854 regule
586 2760 697 2838 Beati
718 2762 914 2863 Augustini
940 2763 981 2841 in
1011 2763 1235 2868 Monasterio
1260 2776 1300 2844 S.
1322 2764 1456 2845 Mittin
1486 2763 1534 2843 de
1556 2751 1711 2862 Angelis
1736 2754 1780 2837 de

383 2912 397 2921 x
424 2865 588 2974 Murano
606 2862 769 2965 Diocefis
788 2858 1036 2945 Torcellanae.
1063 2868 1124 2944 Ex
1135 2867 1183 2948 iis
1209 2890 1325 2948 unam
1346 2867 1484 2971 prefici
1498 2864 1628 2945 statuit
1650 2863 1691 2943 in
1703 2863 1779 2941 Ab·

426 2959 619 3059 hauriam,
643 2991 727 3067 qua
754 2966 891 3046 melius
916 2966 1053 3048 idonea
1075 2969 1158 3048 sore
1185 2972 1400 3050 nosceretur
1423 2963 1632 3067 regimini,
1659 2991 1703 3042 ac
1728 2987 1778 3040 re·

294 3070 298 3077 ’
423 3051 579 3160 ligioni,
598 3066 666 3164 sen
694 3067 966 3166 conversationi
980 3068 1054 3171 sub
1077 3069 1230 3169 ordine,
1254 3078 1306 3152 Θ
1332 3069 1570 3175 observantia
1591 3060 1780 3165 religionis

419 3162 488 3272 pel
513 3164 669 3243 eundem
690 3167 961 3348 sanilipimum
974 3178 1099 3274 Jeron
1125 3201 1227 3251 mum
1248 3173 1520 3276 Consefforetn,
1542 3169 1634 3249 dum
1662 3164 1779 3247 adbuc

422 3288 550 3375 vitain
571 3267 719 3346 duceret
742 3296 784 3346 tn
837 3271 981 3350 omanis
1007 3198 1155 3354 iidie
1184 3274 1234 3354 ad
1258 3274 1489 3456 Btpiochium
1512 3274 1672 3375 sacram
1699 3278 1777 3377 Dep

423 3369 611 3472 Virginem
632 3423 646 3462 ,
672 3397 783 3466 quam
805 3365 994 3451 Bethleem
1016 3404 1104 3453 enm
1124 3374 1296 3475 principa
1312 3376 1391 3456 ibus
1411 3386 1491 3457 Deo
1509 3372 1643 3453 dicatis
1660 3368 1778 3466 Virgi-

423 3462 530 3542 nibus
545 3465 629 3578 sub'-
643 3471 722 3583 ejus
747 3470 893 3553 Ordinis
918 3474 1230 3577 observetionibus
1255 3472 1445 3581 concludi.
1464 3477 1670 3578 Regulam,
1687 3495 1779 3575 quo·

420 3588 496 3676 que
514 3571 718 3670 Beattffimi
738 3574 934 3679 Augustini
958 3576 1182 3658 condolloris
1201 3579 1355 3679 eximii,
1381 3602 1535 3682 utpote
1558 3577 1776 3681 jamdudum

421 3688 464 3741 m
488 3667 617 3780 eadem
640 3674 830 3786 professe,
856 3704 918 3757 eas
944 3682 1141 3762 observare
1168 3685 1364 3787 precepit.
1390 3676 1777 3782 Verumquoniamor·

416 3762 606 3881 strationis
622 3800 711 3885 sain
738 3777 916 3856 inchoate
934 3803 1004 3878 per
1032 3783 1229 3884 Dioeceſsm
1260 3783 1502 3887 Torviſsnam
1541 3778 1696 3882 aliisque
1720 3801 1777 3855 rte·

418 3888 532 4042 potios
554 3873 752 3971 impeditio
778 3875 948 3958 elellioni
967 3881 1170 3987 Abbatiffe
1189 3881 1345 3986 aliisque
1364 3885 1464 3966 circa
1488 3879 1700 3985 hujusmodi
1717 3877 1779 3982 sa·

439 3968 610 4089 tulerunt
636 4000 723 4081 opor
753 3981 960 4077 opportunis
996 3984 1167 4067 intercise
1194 4013 1270 4067 non
1297 4010 1479 4091 poterat,
1506 3987 1706 4068 Francisco
1730 3981 1775 4054 de

422 4063 606 4168 Burfaldrs
633 4068 831 4196 Plprposrto
856 4086 1074 4164 Ravennati
1107 4089 1332 4188 commisit,
1366 4091 1426 4169 die
1447 4115 1517 4170 xu.
1545 4079 1774 4191 Septembris

420 4164 612 4249 Mcccn..
639 4195 683 4258 ut
718 4185 812 4283 ipsas
838 4186 990 4265 Sorores
1017 4188 1063 4265 ad
1090 4217 1191 4270 nova
1214 4192 1374 4293 claustra
1400 4194 1634 4286 deduceret,
1660 4200 1779 4284 atque·

421 4292 464 4343 ea
489 4295 617 4387 ageret
643 4306 721 4395 qne
740 4306 812 4380 pro
834 4283 1086 4391 expeditione,
1110 4292 1161 4380 <l
1185 4288 1446 4399 eonssrudlione
1466 4293 1559 4393 diiii
1579 4285 1693 4392 operis
1713 4307 1775 4364 ne·

417 4372 566 4451 celiane
592 4399 722 4477 putare
767 4381 874 4484 (A),
967 4393 972 4405 ·
1118 4399 1120 4404 ·

1599 4496 1717 4577 Bene·

501 392 586 469 106
744 383 1478 501 DnMounsrenro
