3850 5342
438 432 676 523 Ouornrs
708 434 1009 524 Servorum
1041 434 1227 521 B.MV.
1382 460 1430 519 ιι

85 681 88 688 ,
162 593 217 671 nir
247 589 367 689 cansa.
388 583 439 665 nd
466 582 621 665 eandem
638 578 836 688 Ecclefiam
855 584 1065 671 Christiani
1086 587 1357 681 confluerent,
1382 585 1419 665 81
1446 584 1497 675 ari

160 684 378 800 hujusmodi.
386 682 619 785 capellarum
636 687 686 767 (Ὗ
706 685 939 789 edificiorum
955 689 1214 791 perfeslionem
1236 714 1366 765 monus
1377 708 1499 799 prom«

156 792 260 891 prius
278 810 502 891 porrigerent
513 785 735 886 adjutrices,
758 787 1019 872 omnibusoere
1033 787 1297 891 penitentibus
1318 811 1500 887 utriusque

153 890 266 995 srtxus
284 889 415 1072 Coralli
431 882 606 992 fidelibus
630 888 680 971 (J
704 889 885 995 confeffls,
910 890 974 993 qui
993 890 1192 996 Ecclestam
1214 889 1331 1071 psam
1343 891 1499 992 polian·

158 1022 248 1071 num
256 992 355 1096 subi
393 991 407 1070 i
421 988 587 1090 proximi
613 991 781 1092 (Christi
804 1019 939 1094 nempe
956 994 1087 1097 1475.)
1115 992 1227 1073 imme
1255 991 1331 1072 inte
1349 989 1501 1092 sequen·

161 1116 237 1173 tem
264 1093 304 1171 in
324 1092 385 1176 die
406 1089 713 1172 denuntiationis
736 1101 779 1173 Β.
801 1103 860 1173 Μ.
880 1103 919 1173 V.
941 1094 1074 1175 devote
1092 1091 1334 1196 vifitaverint
1361 1117 1504 1175 annuat

161 1194 256 1301 rim,
282 1194 332 1275 Θ
351 1194 401 1276 nd
419 1185 654 1293 capellarum
670 1191 931 1295 patinarum
946 1195 1207 1297 perfidioncm
1234 1220 1365 1275 munus
1383 1213 1505 1290 porre-

162 1294 288 1376 xerint
314 1294 529 1395 adjutrices,
548 1288 761 1395 plenariam
780 1294 944 1376 omnium
957 1319 1190 1396 peccatorum
1208 1295 1357 1397 snorum
1382 1289 1506 1392 remis·

152 1393 294 1500 fiunem
330 1399 367 1478 8(
393 1398 669 1499 indulgentiam
690 1398 905 1500 Apostolica
930 1398 1162 1488 authoritate
1199 1397 1381 1497 elargitus
1414 1394 1503 1487 ests

159 1497 237 1581 alia
262 1526 411 1602 quoque
437 1498 614 1599 adjiciens
640 1500 862 1600 privilegia,
886 1525 969 1601 quae
989 1500 1029 1580 in
1050 1500 1129 1602 ipso
1149 1498 1370 1601 Diplomate
1389 1493 1503 1611 mins

157 1600 427 1682 continentur.
449 1599 1505 1702 PontificiasSixtilitterasMaphaeusGerardusPatrtar·

157 1700 236 1776 cha
258 1698 509 1777 Veneriorum
535 1697 757 1775 instantibus
777 1699 943 1794 ejusdem
953 1701 1108 1780 Ordinis
1119 1703 1324 1781 Servorum
1346 1694 1503 1776 Provin-
1560 1731 1562 1733 ·

155 1797 274 1893 ciali,
300 1796 469 1876 &Priori
479 1795 704 1894 nonsummi
712 1851 725 1890 ,
750 1793 1013 1894 &exemplari
1033 1796 1148 1895 secit,
1174 1819 1285 1898 arque
1309 1798 1398 1875 inde
1418 1794 1501 1871 sub

158 1897 315 2009 scriptas
335 1895 519 1999 publicari
545 1895 741 1975 mandavit
762 1895 887 1975 diertr.
906 1894 1416 2001 JanuariiannoDominicae
1427 1894 1504 1972 Na·

159 1998 326 2076 nvitatie
347 1998 635 2076 Mcccccxxvr.
654 2019 768 2098 quem
789 2021 932 2079 annum
954 2024 1003 2078 ex
1028 1997 1190 2101 appofita
1213 1995 1426 2079 satistione
1449 2015 1502 2070 rx.
1626 2004 1636 2011 “

157 2092 385 2176 crediderim
411 2123 517 2177 more
535 2100 713 2176 Romano
739 2097 980 2201 supputatum
1007 2101 1105 2200 (L).
1133 2102 1185 2179 At
1214 2123 1261 2179 ue
1287 2096 1377 2181 iude
1408 2091 1503 2192 ejus·

159 2196 250 2301 dem
276 2196 410 2279 mensis
435 2198 496 2280 die
517 2221 641 2279 xxvrt.
668 2199 682 2300 (
703 2223 823 2280 annus
844 2198 947 2280 enim
974 2227 1080 2300 1475.
1101 2124 1286 2302 appoirtus
1308 2196 1333 2276 sr
1354 2195 1401 2281 ad
1422 2219 1503 2308 ¹110·

116 2346 120 2355 ›
157 2320 241 2375 rem
263 2299 456 2380 Venetum
492 2320 693 2383 revocetur
717 2301 845 2382 evadit
879 2328 1000 2382 annus
1039 2309 1143 2400 1476.
1172 2301 1289 2380 More
1313 2294 1504 2396 Imperu)

156 2398 292 2513 Petrus
312 2400 523 2505 Mocenigo
545 2404 637 2481 Dux
659 2402 907 2485 Venetiarunr
929 2401 1163 2519 Apostolicas
1184 2396 1333 2482 Summi
1348 2391 1503 2509 Pontifi3

159 2521 216 2577 cts
243 2499 387 2582 lttteras
414 2529 480 2605 per
506 2504 694 2588 universas
728 2506 884 2584 Venetae
913 2502 1070 2585 ditionis
1096 2501 1280 2583 Ecclesras
1316 2497 1502 2599 pubncan

157 2598 352 2699 decrevit,
376 2606 477 2704 quod
503 2603 706 2685 &iterum
732 2603 969 2707 postmodum
995 2604 1077 2685 fieri
1104 2603 1199 2702 jussit
1225 2602 1304 2699 ejus
1324 2593 1503 2675 successor

158 2698 330 2781 Andreas
349 2705 636 2788 Vendramenus
662 2733 763 2785 anno
789 2736 893 2807 1477.
915 2708 976 2786 die
999 2729 1073 2785 ΧΠ.
1092 2702 1192 2783 Maii
1218 2698 1339 2798 (Μ).
1364 2796 1372 2812 ·
1493 2736 1495 2741 ¹

209 2800 319 2879 Dum
347 2802 426 2884 haec
458 2806 630 2910 Venetiis
667 2809 713 2886 ad
740 2809 879 2887 Divini
914 2810 1040 2889 cultus
1077 2823 1325 2905 augmentum
1362 2823 1403 2876 1n
1430 2819 1505 2873 ma·

160 2898 321 2981 nusai'rin
347 2906 513 2988 aedificiis
538 2931 726 3010 aguntur,
751 2910 1031 3010 supralaudatus
1053 2909 1145 2987 Dux
1157 2904 1326 2984 Andreas
1337 2896 1504 2977 Vendra·

160 3022 332 3096 menne,
365 3008 431 3098 qui
458 3031 661 3110 antequam
688 3011 733 3087 ad
766 3010 913 3089 Ducale
941 3008 1130 3106 fastigium
1157 3007 1369 3083 elevaretur
1403 2994 1507 3074 haud
1621 3018 1623 3021 ’

161 3097 277 3201 longe
301 3124 326 3177 a
346 3100 550 3179 Servorum
574 3108 707 3173 Mariae
728 3108 925 3183 coenobio
948 3108 1043 3179 mdes
1064 3110 1417 3188 extruxerat,·cum
1440 3092 1506 3169 do·

156 3196 245 3277 lens
281 3197 598 3275 animadvertisset
629 3196 776 3272 Fratres
812 3193 933 3271 soluta
970 3193 1097 3294 priscae
1134 3192 1283 3293 pietatis
1309 3191 1506 3292 disciplina

159 3296 294 3377 minus
320 3296 532 3396 religiosam
559 3296 677 3374 vitam
697 3295 858 3392 ducere,
883 3320 947 3373 eos
958 3296 1004 3372 ad
1026 3316 1194 3374 veterem
1217 3292 1506 3373 sanciimoniam

160 3423 204 3477 nc
229 3397 463 3499 exemplares
490 3397 642 3499 piosque
655 3421 777 3476 mores
797 3396 978 3474 laudabili
998 3396 1119 3473 studio
1131 3422 1307 3475 revocare
1326 3417 1506 3497 exoptans

159 3500 263 3600 apud
283 3497 431 3577 Sixrum
452 3501 520 3578 IV.
532 3500 733 3578 Summum
745 3497 968 3581 Pontificem
990 3497 1102 3576 enixe
1129 3496 1265 3576 institit
1285 3523 1384 3576 anno
1401 3501 1506 3599 1476.
1634 3504 1642 3513 ’

161 3620 203 3677 ut
225 3601 399 3711 Venetus
418 3601 454 3679 S.
476 3599 613 3681 Maria
633 3601 835 3681 Servorum
858 3600 1086 3679 Conventus
1113 3601 1159 3677 ad
1185 3601 1311 3677 Patres
1337 3598 1508 3697 Congre-

157 3701 322 3807 gationis
344 3700 602 3783 Obseruantia
627 3701 897 3797 deduceretur,
923 3727 1005 3803 qna
1031 3700 1199 3801 pridem,
1225 3722 1267 3779 ut
1293 3698 1405 3779 refert
1418 3700 1508 3778 Gia-

163 3797 249 3877 nius
277 3801 393 3879 Tom.
416 3805 445 3881 1.
482 3829 564 3905 pag.
588 3810 670 3903 369.
698 3802 739 3881 in
758 3804 915 3882 Senario
943 3804 1081 3881 Monte
1108 3802 1298 3905 originem
1325 3803 1507 3880 habuerat

164 3922 265 3978 anno
292 3928 395 4003 1404
422 3923 533 4004 atque
560 3927 607 3981 ex
634 3929 681 3987 eo
705 3904 752 3982 ad
779 3903 852 3983 alia
877 3928 1027 4006 quoque
1050 3904 1169 3984 Italiac
1196 3905 1279 3985 loca
1305 3904 1408 3982 bono
1433 3900 1509 3980 vir·

163 4019 292 4115 rutum
320 4003 436 4082 odore
463 4005 558 4082 mire
585 4003 957 4108 sueratpropagata.

153 4183 158 4205 .-
217 4103 283 4183 Pto
295 4104 416 4186 Ducis
439 4105 478 4185 8<
499 4105 639 4184 Veneti
662 4107 842 4186 Dominii
860 4126 949 4185 vota
973 4107 1136 4206 benigne
1158 4109 1307 4210 excepit
1329 4108 1508 4214 Summus

157 4196 361 4315 'Pontifex,
386 4227 498 4307 atque
520 4227 562 4285 ut
584 4232 651 4307 pro
677 4207 798 4288 officii
822 4208 879 4286 sui
906 4234 1064 4288 munere
1083 4210 1285 4312 collapsam
1306 4206 1382 4287 loci
1404 4198 1508 4277 disei-

167 4300 312 4399 plinam
333 4326 399 4402 pro
430 4302 539 4387 virili
568 4329 677 4405 parte
702 4308 901 4389 restaurare
927 4311 1175 4390 contenderet
1195 4367 1209 4407 ,
1229 4309 1417 4413 ,Mapbaeo
1437 4299 1509 4376 Ge*

163 4403 280 4523 tardo
301 4407 551 4495 Venetiarum
573 4409 796 4495 patriarche
814 4467 831 4512 ,
852 4412 892 4493 u
912 4413 1050 4593 Joassni
1072 4406 1276 4513 Spalatenli
1298 4398 1510 4501 Archrepts·

1060 4539 1082 4589 2
1366 4523 1462 4605 copo
1509 4536 1515 4549 ·
