3850 5342
476 422 534 482 (ι
690 395 776 481 De
806 385 1189 487 Moneseax'ro
1219 395 1258 481 S.
1289 396 1484 481 Matre

407 571 441 649 5,
463 545 648 665 iudicium
672 547 772 628 nulli
797 544 1033 649 pandam,'li
1056 545 1234 629 damnum
1259 546 1416 628 illorum
1438 549 1586 630 trasimi
1610 548 1760 633 scivero

407 704 438 755 „
461 648 557 729 rllud
583 655 652 751 pr'o
679 650 778 752 posse
802 675 891 730 meo
915 649 1119 751 impediam
1140 676 1189 731 ne
1207 650 1271 730 fiat
1289 651 1392 751 quod
1417 650 1442 729 st
1465 678 1530 753 per
1551 678 1612 733 me
1637 653 1760 754 impe·

400 800 441 850 -„
464 752 544 830 dire
563 776 643 831 non
669 752 809 852 possem
828 777 894 853 per
914 750 1116 833 Nunciunr
1139 771 1203 831 aut
1224 752 1371 831 litteras
1389 752 1445 833 eis
1464 753 1670 869 significare
1690 780 1755 835 eu·

407 907 439 954 „
463 855 590 950 rabo,
614 854 676 933 vel
704 853 762 932 illi
789 877 997 955 perquem
1022 851 1137 932 citius
1161 854 1207 931 ad
1232 878 1365 933 eorum
1393 854 1577 937 noticiam
1597 856 1757 935 deduca-

401 1002 440 1053 ·„
463 975 528 1033 tur
548 957 730 1057 Papatum
750 957 971 1033 Romanum
997 952 1035 1033 8(
1056 953 1195 1054 regalia
1216 956 1316 1034 beati
1336 955 1436 1035 Petri
1462 956 1500 1035 8(
1520 956 1652 1035 omnia
1676 957 1757 1056 iura

402 1106 440 1152 9,
463 1058 643 1137 Romane
664 1055 834 1135 Eccleste
856 1079 932 1156 que
956 1055 1071 1137 habet
1098 1055 1239 1156 ubique
1263 1061 1520 1137 manutenebo
1546 1057 1641 1137 totis
1666 1056 1756 1135 viri·

408 1210 438 1265 η
464 1159 535 1238 bus
568 1159 606 1237 8(
631 1157 829 1237 defendam
855 1181 899 1237 ac
923 1156 1076 1237 adiutor
1109 1157 1166 1237 eis
1189 1182 1256 1237 ero
1280 1160 1328 1236 ad
1353 1158 1597 1239 retinendum
1632 1159 1672 1241 8(
1695 1158 1760 1235 de-

400 1284 436 1353 q,
461 1257 691 1338 sentiendum
716 1279 852 1339 contra
874 1282 1032 1337 omnem
1058 1257 1255 1339 hominem
1280 1285 1339 1339 res
1390 1285 1516 1361 uoque
1541 1258 1654 1361 ipsrus
1675 1261 1758 1338 Do·

307 1404 310 1411 ·
402 1411 441 1456 „
463 1359 562 1439 mini
585 1363 687 1462 Pape
710 1360 747 1440 8(
768 1358 932 1440 Ecclesie
952 1362 1305 1459 Romanequemee
1326 1387 1374 1441 cu
1405 1364 1493 1439 odie
1513 1360 1762 1439 committeu-

400 1502 434 1555 ῃ,
457 1479 523 1539 tur
541 1462 747 1563 diligenter
770 1460 999 1556 custodiam,
1024 1460 1062 1541 8(
1086 1460 1248 1540 fideliter
1274 1461 1471 1561 refignabo
1506 1460 1759 1542 Ambasliatas
1794 1500 1797 1509 ι

399 1604 433 1657 ῃ,
456 1562 581 1642 eciam
614 1565 653 1643 8(
675 1588 903 1666 quecunque
927 1562 1003 1643 alia
1039 1562 1192 1663 negotia
1217 1562 1339 1643 michi
1365 1562 1560 1642 commissa
1596 1562 1761 1641 firmiter

399 1704 434 1758 ῃ,
458 1668 619 1765 portabo
643 1691 687 1745 ac
713 1665 875 1745 fideliter
899 1664 937 1743 8(
963 1663 1169 1765 diligenter
1191 1663 1353 1745 reseram
1378 1663 1453 1743 fine
1474 1663 1602 1743 fraude
1627 1663 1666 1741 8(
1688 1686 1759 1764 pro

263 1846 272 1857 ,
364 1834 366 1845 .
399 1808 435 1857 -,,
459 1765 754 1846 conseliionibus
775 1765 975 1847 audiendis
996 1766 1035 1844 8(
1060 1765 1361 1845 absolutionibus
1387 1764 1568 1843 saciendis
1585 1765 1649 1840 seu
1671 1760 1762 1839 aliis

399 1888 433 1958 a„
455 1890 532 1965 que
559 1866 730 1968 'spediant
756 1869 804 1945 ad
830 1892 960 1945 meum
986 1864 1161 1945 officium
1196 1864 1470 1945 nichilominus
1496 1887 1562 1964 per
1598 1887 1661 1940 me
1688 1880 1758 1939 aut

402 1966 577 2059 „alium
604 1968 754 2066 exigam
780 1967 844 2044 vel
871 1985 1001 2065 petam
1026 1986 1092 2043 aut
1116 1967 1306 2067 requiram
1331 1966 1369 2046 8(
1393 1965 1516 2044 eciam
1541 1965 1609 2041 sub
1637 1961 1760 2041 titulo

403 2114 434 2157 „
456 2065 520 2143 vel
531 2064 868 2164 speeieelemosme
877 2067 940 2144 vel
961 2065 1106 2144 ensenii
1128 2070 1189 2147 vel
1203 2067 1328 2146 mutui
1348 2068 1411 2146 vel
1430 2066 1508 2145 alio
1517 2062 1654 2165 quovis
1677 2085 1761 2140 mo·

404 2214 433 2258 ῃ
457 2164 507 2244 do
533 2190 612 2244 non
637 2165 835 2245 absolvam
859 2167 923 2246 vel
943 2166 1162 2268 dispensabo
1186 2169 1345 2249 scienter
1371 2168 1413 2247 in
1439 2166 1570 2268 aliquo
1590 2160 1758 2244 casumi·

404 2314 433 2358 „
458 2264 523 2343 ehi
549 2292 629 2346 non
655 2265 833 2368 permisso
857 2293 929 2348 nee
953 2268 1115 2349 scienter
1133 2269 1337 2372 quicquam
1362 2269 1556 2351 absolvam
1581 2294 1604 2344 a
1629 2290 1761 2367 peeca-

402 2414 433 2461 „
458 2384 499 2478 to
524 2369 588 2447 vel
613 2368 777 2468 peccatis
800 2368 993 2470 aliquibus
1016 2370 1057 2448 in
1083 2371 1215 2471 aliquo
1233 2373 1321 2453 casu
1339 2371 1522 2470 ambiguo
1544 2392 1613 2447 nec
1635 2366 1755 2446 etiam

303 2550 306 2555 Δ
404 2512 437 2559 ,,
460 2488 515 2542 m·
529 2465 746 2564 hujusmodi
772 2469 860 2548 casu
880 2468 1065 2570 ambiguo
1082 2473 1243 2551 seienter
1262 2497 1353 2552 cum
1373 2470 1502 2571 aliquo
1513 2468 1759 2569 dispensabo,

404 2614 437 2658 „
460 2564 530 2644 nist
557 2567 605 2646 de
629 2568 777 2669 spetiali
802 2570 984 2651 mandato
1002 2572 1151 2651 Summi
1178 2572 1374 2653 Pontificis
1402 2572 1465 2650 vel
1496 2565 1757 2673 penitentiarii

406 2713 436 2758 „
460 2667 613 2766 majoris
636 2670 699 2750 cui
725 2671 936 2771 exprimam
955 2671 1098 2752 dislum
1118 2673 1246 2755 casum
1267 2673 1342 2751 stne
1369 2672 1529 2772 alicujus
1554 2668 1759 2752 revelatio

404 2817 435 2859 „
459 2791 510 2844 ne
535 2771 598 2848 vel
623 2772 851 2872 exprellione
877 2775 1032 2873 persone
1056 2775 1095 2854 8(
1121 2800 1199 2852 non
1226 2774 1426 2875 iniungam
1447 2768 1676 2875 penitentias
1699 2791 1759 2880 pe3

357 2887 365 2894 ·
405 2918 436 2960 n
458 2869 648 2969 cuniarias
670 2874 835 2974 expresse
857 2874 979 2971 michi
1001 2875 1062 2953 vel
1084 2875 1200 2953 alicui
1228 2894 1330 2955 certe
1358 2874 1512 2975 persone
1539 2871 1602 2950 vel
1627 2870 1756 2981 ordint

404 3014 436 3062 „
456 2992 544 3048 meo
569 2992 636 3051 aut
659 2975 770 3054 alteri
796 2975 1035 3077 applicandas
1060 2975 1168 3075 super
1188 2974 1490 3058 restitutionibus
1511 2970 1757 3069 injungendis

404 3118 432 3163 „
456 3070 497 3148 8(
522 3072 701 3157 saciendis
737 3078 897 3158 servabo
920 3094 1038 3177 prout
1058 3075 1121 3154 est
1136 3103 1203 3178 per
1238 3078 1301 3180 pie
1325 3075 1510 3157 memorie
1536 3071 1758 3151 Dominum

404 3220 433 3262 n
459 3172 706 3254 Benedislum
719 3178 956 3277 PapaleI.
968 3177 1186 3257 ordinatum
1212 3174 1606 3279 &supradidlaomnia
1632 3169 1761 3286 desin-

406 3305 438 3363 ς,
455 3273 549 3449 ²{ula
576 3277 762 3374 promitto
786 3279 823 3357 8(
848 3278 934 3376 juro
958 3281 1154 3358 attendere
1177 3280 1215 3358 8(
1232 3283 1433 3358 observare
1452 3279 1531 3356 fine
1549 3298 1657 3354 omnr
1669 3271 1760 3381 dolo

401 3418 434 3462 2,
518 3372 645 3453 fraude
671 3377 710 3457 8(
726 3380 895 3459 malitia.
927 3380 991 3460 Sic
1002 3382 1109 3459 Deus
1129 3405 1193 3458 me
1204 3380 1355 3478 adjuvet
1381 3380 1420 3456 8(
1446 3379 1521 3455 hec
1545 3369 1756 3481 sanslaDet

402 3520 433 3562 „
457 3472 692 3575 Evangelia.
716 3481 827 3559 Nulli
856 3509 947 3599 ergo
973 3481 1135 3561 omnino
1162 3480 1369 3560 hominum
1392 3475 1632 3589 liceatohanc
1654 3488 1755 3571 pagi·

401 3621 430 3663 ,,
457 3596 546 3686 nam
570 3576 698 3690 rrostre
719 3583 1005 3663 constitutionis
1023 3582 1280 3682 deputationis
1301 3577 1547 3671 concessioms
1565 3573 1757 3689 &volun-

401 3723 432 3765 „
455 3691 543 3751 tatrs
568 3676 774 3780 rnsringere
798 3686 861 3763 vel
887 3685 923 3763 ei
954 3684 1047 3763 ausu
1071 3682 1274 3764 temerario
1299 3678 1514 3762 contraire.
1538 3677 1673 3775 Stqurs
1691 3695 1757 3749 au·

401 3819 429 3862 n
454 3790 535 3889 tern
561 3778 638 3858 hoe
655 3802 880 3884 attemptare
897 3788 1045 3885 prelum
1088 3784 1160 3862 erit
1181 3782 1489 3884 indignationem
1498 3778 1756 3891 Omnipoten-

401 3922 432 3964 s>
455 3890 503 3951 ¹¹8
524 3879 603 3989 Dei
626 3881 665 3960 8(
683 3882 886 3965 Beatorum
908 3888 1011 3966 Petri
1101 3886 1209 3965 Pauli
1230 3883 1502 3984 Apostolorum
1531 3904 1610 3979 etus
1630 3877 1666 3954 se
1685 3899 1754 3952 no·

403 4004 434 4065 ς,
457 3999 556 4089 vent
583 3980 842 4063 incursurum.
868 3988 1017 4065 Datum
1041 3987 1167 4064 Rome
1192 3987 1291 4085 apud
1311 3980 1492 4061 Sandium
1513 3982 1669 4058 Petrum
1693 3975 1757 4047 de·

404 4122 432 4165 „
457 4085 676 4161 ermoterrio
697 4087 887 4167 Kalendas
903 4087 1048 4187 Aprilis
1075 4086 1324 4167 Pontificatus
1341 4083 1477 4165 Nostri
1493 4106 1599 4161 anno
1614 4077 1756 4146 Sext&

404 4224 439 4268 19
457 4178 499 4254 F·
520 4181 575 4260 de
601 4185 762 4264 Madiov
1584 4272 1596 4287 ι
1626 4270 1637 4285 ⁸

451 4276 485 4354 E
512 4283 851 4366 ministerioSacrae
869 4288 1165 4371 Poenitentiariae
1186 4291 1234 4369 ad
1253 4285 1490 4370 sublimiores
1499 4274 1656 4355 Ordmrs
1666 4268 1753 4351 Ma-

400 4373 574 4471 gistrattu
596 4373 752 4483 eveelus
768 4390 996 4471 Procurator
1020 4393 1190 4489 primurn
1209 4380 1428 4479 Generalis,
1453 4406 1496 4460 ac
1523 4375 1658 4489 deinde
1684 4373 1750 4453 Vi·

1567 4501 1694 4560 carrus
