3850 5342
469 456 552 543 188
690 459 771 544 De
803 444 1179 544 Mo'uasrnnro
1210 456 1248 540 S.
1280 454 1476 540 Manto·

602 611 845 693 dividendam
874 609 940 690 fibi
967 628 1088 690 totam
1113 609 1261 712 erogari
1287 610 1436 690 vellet.
1472 607 1532 685 Re
1558 617 1752 707 comperta

602 713 737 797 exarsrt
757 714 811 794 ira
823 712 1089 814 Magistratus,
1115 713 1152 792 8(
1179 737 1330 812 poenam
1356 707 1513 791 nonita
1539 708 1666 788 levem
1676 703 1746 782 dis·

598 818 798 921 ponebat,
834 815 896 895 sed
922 814 1123 894 intercessu
1150 814 1210 893 vir
1236 812 1413 912 sandius,
1458 808 1586 911 &qui
1614 805 1752 887 tacitus
1786 816 1792 839 ‘·

506 1004 510 1015 ⁴
632 918 796 999 ublicam
824 916 932 997 illam
958 915 1136 1015 injuriam
1157 916 1385 1018 pertulerat,
1410 914 1590 1014 eloquens
1610 905 1753 1023 suited

626 1019 774 1100 udicem
812 1018 853 1096 in
880 1017 1034 1097 veniam
1069 1016 1296 1097 fleetendum
1319 1076 1329 1094 .
1354 1016 1522 1118 AEgrotis
1556 1012 1598 1091 in
1622 1030 1752 1091 carana

604 1121 816 1220 jacentibus
843 1120 880 1198 8(
905 1121 956 1199 ob
983 1119 1060 1199 loci
1085 1117 1270 1221 angustias
1296 1118 1406 1198 valde
1433 1112 1650 1219 proximis,
1675 1134 1754 1190 me·
1853 1215 1865 1219 ο

604 1221 691 1304 dius
717 1220 754 1302 8(
780 1247 920 1323 pronus
945 1222 1176 1318 accubabat,
1203 1242 1244 1301 ut
1256 1239 1452 1302 maerentes
1471 1215 1753 1308 consolaretur,

605 1322 648 1402 8(
674 1323 818 1426 peccati
846 1324 1002 1404 reos'ad
1028 1323 1294 1425 poenitentiam
1320 1339 1563 1424 provocaret.
1592 1317 1674 1394 Tot
1699 1315 1752 1392 la·
1783 1336 1792 1347 ⁴

408 1474 414 1483 ·
601 1427 741 1504 borum
767 1424 874 1504 oneri
898 1424 1095 1505 Milliones
1122 1424 1399 1505 incontinenti
1425 1422 1609 1515 addebat,
1631 1418 1670 1496 8(
1692 1439 1753 1531 pa·

483 1548 485 1553 ’
601 1551 671 1627 gos
691 1549 848 1606 centum
869 1527 999 1607 decern
1048 1525 1193 1615 iuribus
1219 1523 1419 1606 successtve
1446 1523 1555 1602 annis
1581 1518 1751 1599 excoluit

399 1634 404 1653 '
600 1628 648 1706 ad
676 1629 856 1707 ultimum
879 1629 993 1730 usque
1015 1553 1184 1725 linium,
1210 1628 1330 1707 donee
1362 1626 1516 1705 tandem
1542 1623 1690 1703 dierum
1718 1616 1755 1696 8(

601 1754 760 1832 operum
783 1728 1189 1831 plenusexPleutitide
1215 1729 1313 1808 obiit
1336 1727 1511 1808 Venetiis
1531 1722 1755 1804 die20.De·

399 1840 402 1847 “
507 1859 520 1871 ’
602 1830 767 1911 cembris
804 1861 908 1932 1724.
935 1836 1069 1910 Annos
1096 1851 1206 1911 natus
1227 1859 1285 1932 73.
1307 1855 1470 1932 quorum
1493 1858 1512 1932 3
1521 1853 1552 1928 5.
1576 1822 1751 1904 Venetiis

400 1940 405 1949 '
600 1929 696 2011 fuit.
725 1933 850 2011 Morti
877 1933 1071 2035 proximus
1098 1931 1178 2012 haec
1205 1931 1413 2011 identidem
1446 1929 1639 2032 repetebat
1666 1950 1754 2005 ocu·
1811 1942 1817 1957 ·

600 2032 651 2113 lis
672 2033 714 2112 in
735 2035 894 2112 Coelum
921 2032 1138 2113 conversas:
1171 2034 1281 2133 Auge
1309 2034 1482 2113 dolorem
1509 2029 1570 2111 sed
1596 2052 1691 2128 auge
1712 2053 1746 2105 a·

599 2158 780 2213 morem.
818 2134 879 2212 Ad
906 2133 1090 2212 lediulum
1118 2132 1317 2214 morientis
1355 2134 1485 2235 saepius
1522 2130 1751 2211 accesserunt

344 2256 348 2265 ·
400 2246 408 2317 ζ
532 2242 534 2247 ’
600 2235 774 2315 Venetus
787 2234 1025 2332 Patriarcha,
1047 2234 1499 2336 NuntiusApostolicus,
1526 2231 1638 2331 Regii
1661 2235 1751 2311 Ora·

601 2353 727 2433 tores,
754 2336 918 2415 &Urbis
931 2338 1128 2435 Proceres,
1150 2357 1191 2416 ut
1205 2337 1288 2415 Viri
1302 2337 1426 2416 Sandii
1439 2333 1747 2416 Benediblionem

601 2437 807 2516 referrent.
836 2439 905 2515 llle
934 2464 1012 2517 non
1038 2438 1084 2517 de
1110 2440 1146 2518 se
1173 2439 1233 2518 sed
1260 2440 1306 2517 de
1332 2438 1406 2518 suis
1428 2436 1658 2537 Pauperibus
1684 2435 1749 2513 sol-

566 2612 568 2618 .
596 2535 727 2617 licitus
753 2564 884 2617 eorum
908 2539 1074 2618 miserias
1095 2540 1340 2621 sublevandas
1360 2540 1539 2620 omnibus
1560 2563 1749 2620 commen·

597 2638 711 2727 dabat
732 2701 741 2717 .
769 2642 828 2723 Eo
854 2662 1009 2722 mortuo
1035 2639 1157 2721 ludus
1182 2645 1313 2743 ingens
1339 2665 1418 2724 tota
1445 2643 1538 2721 urbe
1565 2638 1661 2734 suit,
1687 2641 1749 2717 do·

601 2740 771 2823 lentibus
789 2743 1000 2845 praesertim
1037 2745 1261 2846 pauperibus
1288 2768 1458 2845 ereptum
1486 2743 1553 2824 fibi
1581 2739 1751 2820 amantis·

596 2840 733 2923 sunum
757 2849 925 2924 Patrem.
955 2847 1015 2925 Ad
1043 2846 1240 2924 visendum
1267 2845 1307 2923 in
1320 2845 1484 2926 Ecclesra
1505 2846 1667 2927 cadaver
1687 2842 1750 2923 sre-

598 2970 720 3046 quens
741 2949 886 3027 accessu
907 2948 1140 3043 multitudo,
1167 2949 1202 3027 8(
1231 2947 1262 3025 ii·
1286 2947 1353 3025 sabi
1376 2948 1476 3026 beati
1503 2948 1751 3039 videbantur,

597 3049 665 3149 qui
693 3049 891 3128 frustulum
927 3074 975 3129 ex
1001 3049 1086 3146 ejus
1106 3047 1272 3131 vestibus
1307 3048 1483 3137 obtinete
1508 3076 1532 3128 a
1562 3044 1749 3130 Domesti-

599 3150 655 3231 cis
681 3155 847 3253 possent.
1517 3150 1537 3215 εἱ

401 3246 506 3335 1726,
540 3270 593 3349 19.
622 3250 810 3350 Januarii.
838 3250 1046 3357 Dyonifius
1072 3252 1229 3359 Origine
1257 3255 1573 3338 Mediolanensu.

400 3362 505 3442 1729·
535 3356 591 3429 28.
621 3353 729 3432 Febr.
757 3356 913 3435 Gabriel
940 3357 1118 3459 Aloysrus
1155 3359 1367 3440 Pioveneus
1394 3362 1566 3438 Venetus
1589 3383 1602 3451 3
1641 3353 1747 3454 cujus

593 3451 708 3570 frater
734 3458 1051 3559 eSocietateJesu
1064 3462 1242 3541 Sacerdos
1255 3466 1385 3542 Petrus
1407 3461 1563 3542 nomine
1584 3458 1745 3539 celeber·

595 3581 717 3639 rimus
744 3558 784 3638 in
805 3586 845 3638 re
864 3560 1078 3639 nummaria
1100 3562 1479 3663 scriptorFarnesraoi
1493 3559 1749 3641 Musainum·

594 3658 770 3740 mismata
798 3661 1041 3740 eruditissime
1068 3663 1237 3763 digessit,
1265 3665 1302 3743 8(
1330 3665 1559 3767 explicavit,
1588 3687 1683 3762 opus
1710 3657 1749 3735 in

590 3759 685 3839 abiis
711 3762 959 3843 Eruditorum
986 3763 1116 3864 Lipsrar
1149 3790 1378 3866 magnopere
1401 3766 1746 3846 Commendaturn:

597 3859 841 3962 &quoniam
876 3866 1001 3944 obiter
1035 3890 1116 3944 rern
1138 3866 1362 3957 litterariam
1395 3864 1546 3970 attigi,
1573 3868 1679 3967 juvat
1705 3862 1749 3941 de

593 3963 740 4062 Joanne
761 3966 924 4068 Baptista
946 3966 1047 4044 Prati
1074 3968 1226 4049 Veneto
1247 3970 1413 4066 eiusdem
1441 3969 1652 4062 societatiS,
1679 3960 1744 4063 qul

594 4065 670 4144 hoc
699 4087 867 4166 tempore
894 4067 1018 4161 obiit,
1045 4069 1283 4150 mentionem
1311 4072 1501 4171 ingerere.
1529 4073 1657 4150 Sacros
1683 4063 1747 4143 ilie

592 4165 807 4268 disciplinas
833 4168 986 4246 altiores
1014 4168 1055 4245 in
1077 4169 1292 4250 Mantuano
1313 4172 1554 4252 universitate
1577 4165 1747 4271 usquead

538 4310 542 4321 ·
593 4267 739 4347 senium
769 4269 943 4369 professus
969 4266 1024 4344 eli
1059 4270 1322 4355 summotum
1352 4275 1536 4354 omniunt
1574 4273 1748 4354 ordinum

586 4368 738 4469 plausu.
768 4370 1746 4476 Philosophicumcompendiumrerurndeleilulau·

587 4469 815 4553 datisstmum
838 4472 938 4578 typis
958 4472 1113 4557 ediditr-
1261 4488 1265 4495 ‘

227 3425 248 3462 Ἱ
