3850 5342
229 333 249 414 s

295 439 298 448 ,

458 456 669 576 Sancrr
700 452 906 537 Tarona
940 451 1242 538 Anosrntr.
1377 479 1459 563 337

230 657 259 703 ‚‚
283 604 367 686 Nos
388 628 478 683 vero
497 603 563 707 qui
584 602 783 682 deuotione
810 602 893 701 ejus·
912 599 1058 680 urimur
1093 603 1164 683 hec
1199 626 1273 703 que
1305 601 1519 685 audivimus

180 723 210 803 5,
235 704 415 785 miracula
441 730 487 787 ex
539 705 680 786 suimus
704 725 746 782 ut
772 703 809 782 8(
835 702 876 780 hi
895 701 1034 803 quibus
1055 703 1120 782 has
1147 704 1280 804 largita
1299 701 1371 781 fuit
1383 705 1517 803 gratias

42 831 47 838 ·
179 861 209 904 „
234 807 275 884 in
301 807 460 907 legendo
514 804 691 909 ystoriam
717 803 849 904 majori
875 804 1030 903 flagrare
1056 803 1190 904 posstnt
1212 802 1447 883 devotione:
1484 804 1529 884 &-

181 961 209 1004 „
235 905 300 985 alii
326 908 516 987 audientes
552 932 594 984 ea
614 932 687 1006 que
707 905 871 983 diximus
891 904 1062 1005 precibus
1089 903 1212 986 sansie
1246 903 1460 984 Theodosre
1485 905 1522 983 sc

181 1059 209 1104 „
235 1009 499 1088 cummendare
523 1007 696 1084 valeant.
723 1006 811 1083 Deo
834 1005 974 1104 gratias
996 1028 1129 1082 amen.

229 1108 458 1204 „Carminis
478 1103 705 1206 (sequentis)
725 1105 862 1184 author
884 1106 1156 1203 sacreejusdem
1168 1104 1338 1205 Virginis
1350 1111 1521 1207 precibus

174 1262 203 1306 ‚2
222 1207 640 1308 abomnipat'enriffimo
651 1209 738 1284 Deo
750 1204 1007 1306 gravisnrorbl
1019 1205 1283 1290 liberationem
1295 1204 1520 1308 impetravit.

275 1359 304 1405 ‚‚
331 1307 534 1385 Proconsul
552 1307 832 1384 sacros-sacrate
843 1304 1000 1403 virginis
1022 1326 1123 1384 artus

378 1460 406 1502 ‚‚
431 1405 553 1507 lmpie
627 1406 664 1481 id
685 1405 799 1483 toties
815 1402 997 1481 dilaniare
1016 1405 1121 1503 jubes
1155 1423 1157 1425 ’

274 1559 304 1603 „
329 1504 489 1584 Auxilio
515 1430 666 1583 tudda
689 1504 766 1582 Dei
779 1503 992 1582 Theodosia
1012 1505 1122 1606 virgo

378 1660 406 1702 ‚‚
429 1605 620 1706 Eruperat
647 1630 758 1706 penas
784 1605 891 1684 sceve
919 1627 1052 1707 tyrane
1080 1628 1161 1685 tuas

274 1758 304 1802 „
330 1705 560 1784 Verberibus
587 1729 662 1783 non
689 1706 763 1783 lesa
788 1704 924 1784 subest:
953 1732 1024 1787 nec
1044 1731 1192 1787 carcere
1216 1725 1317 1796 tetrn

177 1817 182 1822 '
375 1860 402 1902 „
428 1806 614 1884 inclusam
637 1805 799 1906 angelici
818 1805 1017 1885 destituere
1038 1808 1147 1887 chori
1169 1908 1171 1910 Ι

169 1971 174 1982 ,
268 1959 298 2002 „
322 1905 464 1985 Desiste
491 1907 531 1987 in
556 1907 696 1986 sacram
723 1906 862 1985 scevire
883 1907 1037 1987 Urbane
1059 1908 1223 2008 puellam

377 2045 404 2103 „-
429 2007 530 2088 Ecce
555 2007 685 2086 oleum
712 2007 757 2083 ad
785 2032 895 2106 penas
921 2008 1011 2108 igne
1031 2011 1153 2089 calere
1176 2013 1309 2111 nequit
1426 2099 1430 2111 ,

275 2159 309 2204 „
327 2106 495 2186 Vincula
520 2107 739 2198 solvuntur.
767 2107 945 2187 Tumidis
966 2135 1044 2186 non
1066 2110 1250 2209 mergitur
1275 2112 1386 2195 undis

304 2219 309 2230 '
375 2207 538 2304 „Hanc
556 2208 655 2288 'sicet
682 2208 868 2288 immenso
895 2210 1062 2310 pondere
1085 2212 1170 2287 saxa
1200 2235 1391 2312 premant.
1498 2299 1503 2308 ,

272 2307 563 2414 „ingeminata
589 2330 712 2388 truces
738 2310 867 2387 lassant
895 2330 1084 2388 tormenta
1111 2310 1303 2393 ministros
1384 2367 1387 2372 >

371 2461 398 2504 „
424 2408 544 2507 Virgo
570 2406 713 2487 invidia
735 2433 894 2489 manens
913 2410 1081 2488 earmina
1106 2412 1206 2489 sacra
1231 2413 1335 2494 canit

268 2559 299 2603 2,
321 2509 451 2586 ltnnro
475 2508 576 2586 inter
602 2510 729 2588 scevos
755 2509 942 2589 cruciatus
969 2510 1104 2589 fortior
1131 2512 1198 2590 illa

370 2661 397 2703 ‚‚
422 2606 637 2706 speetantes
661 2608 749 2685 fidei
770 2610 947 2708 dogmata
967 2609 1091 2688 saneta
1111 2613 1223 2690 docet

169 2721 176 2728 ·
272 2758 299 2804 ,,
314 2706 483 2788 ¹Tradita
503 2707 549 2784 de
575 2706 674 2785 cuelo
695 2724 797 2784 tanta
818 2707 869 2784 est
889 2708 1243 2787 constantia'rnenti

370 2862 397 2902 ‚,
423 2806 625 2905 Virgines:
651 2825 756 2884 tauta
774 2803 826 2884 ert
846 2806 1018 2907 Virginis
1042 2809 1119 2884 alta
1144 2808 1256 2886 fides.

171 2929 175 2940 ’
273 2956 302 3002 „
325 2907 413 2987 Nec
439 2908 581 3008 periisse
607 2928 714 3011 putes
733 2907 908 3009 quamvis
935 2906 1118 3008 postrema
1146 2905 1293 2986 satelles
1411 2951 1418 2970 ·
1509 2940 1516 2949 ·

204 3039 207 3044 ·
376 3064 403 3105 „
430 3010 596 3111 Implens
623 3008 709 3123 jussa
729 3010 838 3085 suum
864 3006 1016 3086 abstulit
1043 3008 1129 3086 ense
1149 3022 1272 3107 caput·
1361 3065 1364 3070 .

273 3159 300 3205 ,‚
326 3109 467 3190 Vitrici
489 3109 651 3190 ascendit
673 3108 774 3187 celos
794 3108 971 3187 redimita
991 3133 1132 3188 corona
1188 3151 1191 3162 ι

332 3241 336 3252 ·
374 3264 408 3302 ,,
430 3214 580 3311 Regnat
599 3210 641 3288 in
662 3208 908 3288 etherei-sede
930 3209 1054 3288 locata
1075 3208 1155 3311 poli
1212 3225 1230 3244 ¹·
1259 3255 1262 3262 «
1419 3224 1440 3270 1·

272 3357 302 3402 „
328 3305 413 3385 Illic
440 3312 517 3387 leta
539 3310 643 3411 capit
665 3309 879 3387 Theodosia
904 3331 1009 3411 grata
1034 3312 1210 3390 laborum
1416 3312 1424 3343 ³
1542 3308 1553 3362 ἰ

175 3489 179 3502 ,
349 3415 399 3502 ·“,,
425 3408 581 3487 Pramia
607 3408 797 3510 suppliciis
822 3408 916 3489 sabla
943 3415 1051 3491 beata
1076 3411 1151 3490 suis
1356 3487 1360 3494 ,
1473 3461 1477 3470 .

273 3559 300 3605 „
325 3508 412 3587 Illic
430 3510 476 3587 de
499 3510 607 3589 terris
628 3533 742 3589 voces
765 3510 804 3589 δι
821 3532 914 3589 uota
933 3525 1157 3613 precantum
1193 3533 1234 3554 ’·
1309 3525 1338 3564 ‘1
1396 3521 1399 3528 '
1493 3526 1517 3568 ·³

164 3597 175 3622 Χ
371 3663 400 3706 ,,
426 3611 616 3690 Presentat
642 3613 790 3702 summo
811 3612 932 3714 Virgo
957 3634 1088 3718 rogata
1109 3614 1222 3690 Deo.'
1264 3703 1275 3714 ‚

271 3761 299 3807 „
322 3708 510 3816 Martyris
530 3714 597 3791 ille
618 3713 768 3792 memor
790 3711 899 3792 fidei:
926 3712 1163 3814 memorille
1184 3710 1363 3812 dolorum

371 3863 398 3903 „
424 3811 620 3914 Quidquid
648 3840 716 3914 pro
737 3812 848 3892 nobis
869 3812 992 3914 exigit
1010 3812 1092 3912 ipsa'
1107 3811 1197 3892 facit
1219 3859 1239 3892 η
1311 3895 1315 3912 ,
1344 3811 1347 3828 ”

270 3960 298 4003 ,‚
322 3908 435 3987 Hanc
457 3911 574 4009 igitur
593 3915 733 4018 merita
756 3910 960 4014 ,nodiesque
980 3911 1132 4015 diesque
1159 3913 1356 4013 prebemus

370 4010 634 4114 „ffSuecurrat'¹
648 4014 780 4094 noslris
793 4014 1068 4093 ·cnmmiserata
1088 4014 1199 4092 malis

177 4115 185 4120 '
268 4162 296 4208 „
321 4113 447 4212 Atque
469 4137 600 4193 omnes
617 4117 758 4214 ‘pariter
777 4114 994 4193 Theodosia
1020 4091 1192 4214 Virginis
1210 4113 1314 4191 alme

369 4267 395 4310 „
421 4214 633 4299 Cantemus
651 4217 810 4315 dignum
832 4239 974 4294 nornen
997 4212 1139 4314 ubique
1159 4213 1237 4291 coli
1389 4275 1392 4282 ,
1456 4313 1460 4322 „

263 4364 293 4407 „
313 4313 462 4416 thue
483 4316 536 4394 de·
550 4315 635 4394 viro
655 4316 776 4397 claros
796 4318 886 4397 tulit
906 4314 1014 4397 hoste
1033 4312 1260 4414 triumphos.
1297 4339 1339 4387 ‚x
1466 4335 1471 4354 ·

364 4468 391 4511 „
416 4416 500 4497 Nus
518 4440 668 4520 quoque
690 4416 848 4512 presidio
867 4436 1042 4518 protegat
1062 4413 1178 4515 usque
1203 4411 1315 4498 suun.
1333 4439 1360 4486 ..ι
1384 4443 1386 4448 ·
1420 4477 1424 4484 Α
1467 4451 1470 4466 ·
1511 4471 1517 4480 .

264 4520 372 4592 Tum.
397 4523 449 4597 II.
1006 4516 1081 4594 Vtt
1295 4506 1460 4610 Sequun-
