3850 5342
506 441 587 502 tra
747 407 847 491 Dr
907 407 1478 488 Montsrntcto

440 623 472 670 „
495 568 534 648 8(
559 558 726 664 impensa
746 552 1001 657 pradiiiarum
1014 547 1250 630 Monialium
1271 548 1483 632 ementium
1508 543 1643 627 cariori
1670 548 1793 649 pretio

442 726 470 770 ‚,
495 666 694 747 materiam
721 654 957 738 necessariam
983 653 1020 731 8(
1046 651 1124 731 sore
1150 650 1326 729 omnium
1352 676 1481 733 earnm
1515 669 1789 749 occupatarum

444 816 472 870 „
494 770 538 848 in
565 760 732 845 lavandis
757 754 991 852 incidendis,
1015 753 1053 832 8(
1073 753 1203 833 fiendis
1225 751 1322 831 illis.
1349 753 1460 833 Unde
1486 749 1529 830 fit
1556 749 1790 851 utquicquid

438 927 470 971 „
493 869 549 951 eis
575 858 821 945 additamenti
847 855 1195 941 fiatadconsnetam
1207 854 1419 933 mercedem
1446 879 1525 932 non
1551 851 1673 930 sotum
1695 851 1788 930 elee-

436 1027 470 1073 ,„
495 970 655 1071 mosyna
679 964 716 1042 8(
740 961 881 1064 pietas,
907 956 1094 1038 sedetiam
1116 981 1257 1035 merces
1279 954 1512 1034 benemerita
1536 951 1702 1131 reputari
1727 979 1787 1054 po

440 1124 473 1171 „
499 1069 587 1149 test.
614 1069 731 1168 Super
750 1062 887 1164 quibus
908 1058 1086 1139 omnibus
1107 1056 1329 1156 infrascripti
1350 1058 1400 1134 D.
1413 1058 1463 1133 D.
1480 1055 1572 1134 Con
1587 1051 1701 1131 diarii
1726 1056 1787 1129 ha·

437 1229 471 1272 ar
497 1172 575 1250 bita
597 1166 773 1267 diligenti
798 1159 1091 1243 consideratione
1112 1159 1155 1238 8(
1179 1157 1346 1259 respeciu
1374 1156 1676 1235 terminaverunt
1688 1152 1789 1254 quod

444 1273 543 1379 „ad
568 1269 793 1350 consuetum
819 1262 996 1342 salarium
1022 1262 1123 1377 quod
1150 1259 1545 1339 habentDucatorum
1563 1282 1643 1356 ¹50·
1667 1254 1706 1333 in
1727 1278 1789 1368 an·

440 1430 473 1472 ‚,
495 1400 549 1455 no
575 1370 756 1450 addantur
782 1364 927 1447 Ducati
946 1372 1005 1446 80.
1032 1381 1087 1442 tta
1106 1362 1208 1464 qnod
1236 1360 1281 1442 in
1295 1385 1402 1441 ranno
1427 1359 1475 1440 ab
1506 1356 1637 1437 officio
1661 1357 1790 1437 Ratio

439 1529 471 1574 .„
497 1498 592 1561 num
610 1473 814 1557 Veterum.

943 1570 1317 1650 Constttatttr.

597 1740 726 1809 Petrus
753 1730 897 1801 Memo.
1235 1710 1402 1827 Asoystus
1426 1710 1633 1793 Bernardo·

595 1824 811 1938 franciscus
830 1831 988 1900 Sarute.
1235 1821 1666 1925 Haerenymutssonato.

522 2020 523 2025 Ἰ
591 1914 1000 2028 FrancrstutMarcello.
1231 1913 1399 1997 Thomas
1419 1914 1643 2015 Trtvrsano.

490 2079 644 2161 interea
670 2099 797 2161 tamen
824 2104 895 2158 nec
933 2075 993 2155 his
1014 2073 1153 2153 additis
1179 2075 1345 2158 subsidiis
1372 2081 1474 2158 ultro
1502 2078 1546 2180 se
1564 2077 1789 2181 sustentare,

438 2199 553 2282 atque
580 2177 829 2261 incumbentia
854 2206 962 2258 onera
976 2175 1188 2274 supportare
1214 2180 1414 2278 valebant,
1434 2206 1579 2282 -quapro
1608 2202 1665 2257 ter
1689 2203 1788 2255 anno

444 2281 717 2365 Mccccxxxv.
743 2280 908 2382 Eugenii
931 2280 1000 2358 tv.
1023 2278 1201 2378 pietatem
1224 2282 1469 2362 vehementer
1480 2206 1668 2360 obredatn
1681 2279 1789 2373 sunt,

444 2404 488 2461 rtt
514 2387 719 2462 adeorum
746 2380 934 2482 angustias
960 2379 1089 2480 aliquo
1115 2381 1230 2458 modo
1256 2383 1501 2462 sublevandas
1529 2376 1790 2482 Monasterr'um

445 2490 484 2558 8.
508 2481 664 2563 Andree
685 2483 730 2562 de
751 2479 904 2561 amanis
917 2502 987 2578 per
1004 2479 1168 2560 Priorem
1181 2475 1335 2583 pinsitam
1357 2482 1578 2581 gabernari,
1604 2477 1701 2580 quod
1719 2502 1796 2577 pro·

439 2600 525 2680 pter
543 2579 730 2685 palamst,
756 2583 797 2663 in
823 2608 900 2684 quo
926 2582 1035 2660 fitutn
1064 2604 1166 2679 erat,
1193 2584 1267 2663 loci
1290 2584 1554 2686 intemperiem
1586 2583 1659 2679 iarn
1680 2608 1702 2659 a
1722 2581 1796 2683 pitt-

443 2682 549 2767 ribus
575 2685 680 2765 annis
706 2685 917 2764 Convenru
953 2685 1137 2780 carebat,
1174 2686 1414 2786 pauperrimo
1441 2687 1536 2764 Divi
1564 2679 1793 2783 Hieronymi

442 2781 678 2865 Monasterio
704 2785 915 2865 adnedieret
942 2785 980 2864 8(
1007 2784 1164 2880 uniret,
1191 2785 1231 2862 in
1267 2812 1345 2887 quo
1370 2787 1527 2888 quidem
1560 2782 1793 2865 Monasterio

443 2886 499 2961 ets
515 2886 647 2967 decem
673 2885 809 2967 &octo
829 2888 936 2969 cellis
956 2885 1154 2988 compano
1164 2887 1410 2989 quadraginta
1420 2890 1483 2967 sex
1495 2886 1688 2971 Moniaies
1709 2891 1792 2987 pro&
1901 2956 1902 2985 2

442 2983 557 3084 fessae,
582 2990 619 3069 8(
644 2990 690 3067 ad
717 2989 873 3089 triginta
899 2989 1052 3068 circiter
1077 2991 1231 3068 Sorores
1264 2990 1301 3067 8(
1327 2991 1462 3091 puellae
1489 2989 1688 3069 educanda
1715 3010 1793 3065 mo·

441 3090 653 3169 rabantttr.
690 3091 993 3193 Supplicantium
1022 3089 1227 3189 Virginum
1264 3116 1390 3191 preces
1418 3090 1594 3169 Pontifex
1631 3088 1793 3190 benigne
1901 3092 1902 3097 ‘

441 3188 633 3291 excipiens
653 3192 761 3272 Divo
794 3191 1001 3275 Laurentio
1030 3189 1241 3290 Jnstiniano
1273 3193 1461 3294 Episcopo
1486 3191 1704 3272 Castellano
1731 3208 1792 3290 per

444 3290 660 3388 Apostolica
687 3292 822 3392 scripta
848 3291 1069 3386 mandavit,
1095 3314 1137 3369 ut
1164 3316 1229 3392 per
1255 3294 1385 3396 judicii
1406 3318 1565 3372 examen
1588 3317 1713 3372 rerum
1735 3312 1796 3367 ve·

441 3386 554 3500 ritate
581 3394 736 3491 probata
768 3390 1034 3502 Monasterium
1053 3400 1090 3467 8.
1112 3390 1268 3472 Andreae
1288 3393 1486 3493 prefatum
1523 3420 1607 3472 cnm
1633 3389 1795 3471 omnibns

435 3487 581 3600 Jarrlaus
605 3491 655 3569 (5
673 3489 911 3603 pertinentiis
929 3491 1009 3593 suis
1033 3488 1152 3571 eidem
1173 3493 1396 3600 Monastrrio
1415 3504 1451 3573 8.
1474 3490 1695 3608 Hieronymi
1707 3504 1795 3573 Pon·

417 3590 562 3689 'atficta
589 3589 811 3670 authoretate
847 3620 886 3669 m
907 3614 1121 3691 perpetuum
1147 3594 1423 3695 incorporaret,
1458 3596 1508 3676 Θ
1544 3618 1699 3691 uniret,
1737 3591 1791 3671 ita

442 3689 538 3788 quod
562 3690 711 3775 cedente
735 3688 802 3771 vel
832 3692 1027 3774 decedente
1053 3693 1223 3776 moderno
1252 3697 1376 3776 Priore
1407 3696 1499 3775 dieti
1520 3693 1738 3802 Monasterii
1756 3702 1791 3771 8.

442 3788 599 3874 Andreae
618 3851 646 3906 ,ο
677 3791 806 3874 liceret
827 3795 1025 3900 Abbatiffae
1058 3797 1110 3877 θ
1141 3797 1350 3877 Conventui
1386 3793 1605 3896 corporalem
1632 3796 1793 3896 ejusdem

415 3981 417 3986 ¹
443 3895 661 3998 Momsterri
681 3907 718 3976 8.
739 3896 897 3977 Andreae
916 3899 1160 4001 poſjefflonem
1188 3898 1406 3980 auctoritate
1425 3901 1575 4000 propria
1601 3896 1715 3980 tibere
1737 3916 1792 3992 apt

439 3992 679 4091 prehendere.
710 4000 952 4081 Pontificium
977 4000 1140 4101 Eugenii
1165 4002 1347 4103 Diploma
1360 4003 1542 4084 Bononiae
1566 4005 1695 4082 datum
1724 3997 1793 4077 suit

444 4099 780 4207 annoumitlefimo
806 4101 1173 4202 quadringentesimo
1211 4103 1401 4205 trigefimo
1427 4105 1566 4202 sexto,
1592 4106 1652 4183 die
1664 4124 1717 4180 tv.
1738 4101 1794 4200 Ja-

444 4213 567 4285 ssssstrtt
588 4201 812 4311 „Ejusdem
841 4204 975 4281 mensis
1002 4203 1062 4279 die
1086 4225 1209 4281 xxvtt.
1239 4205 1368 4285 habita
1395 4207 1498 4307 prius
1524 4208 1569 4286 de
1606 4199 1793 4308 praemidis

442 4316 544 4375 certa
571 4298 725 4410 scientia
752 4302 907 4411 sancius
933 4303 1139 4403 Episcopus
1165 4304 1392 4406 Apostolicis
1419 4308 1557 4388 litteris
1576 4302 1794 4386 inherendo

441 4402 709 4500 Monastermm
736 4401 957 4500 praeratum
987 4412 1024 4484 S.
1055 4399 1214 4485 Andreae
1233 4404 1296 4489 de
1320 4405 1496 4489 Himanis
1522 4402 1792 4488 annectendam

1612 4509 1662 4593 (8
1682 4506 1736 4586 in·
