3850 5342
436 363 1183 453 ·S.Snr.varoa1s.
1373 387 1458 485 245
1576 369 1579 374 ’

170 518 223 601 ris
247 516 336 601 vitat
360 516 507 600 ratione
532 517 752 612 emittens,
776 512 988 615 regularem
1014 513 1133 596 vitam
1160 517 1202 597 in
1228 519 1392 604 saeculari
1419 526 1518 605 statu

172 621 354 702 ducebat:
380 644 541 737 cumque
566 620 613 698 ad
638 614 856 720 perfectiora
882 612 1054 730 interiori
1082 619 1204 699 cordis
1230 620 1407 702 instinctu
1447 648 1517 704 tra-

168 720 346 821 heretur,
372 724 582 803 Heurrcum
593 720 816 799 Dandulum
837 715 1093 830 Patrparcham
1106 721 1359 821 Gradenlem,
1385 725 1513 805 virum

166 820 751 903 moribuscommendatiffimum
771 817 985 912 consuluit,
1010 839 1211 920 apertoque
1237 823 1366 902 intimi
1393 825 1514 907 sensus

167 947 308 1005 arcano
319 926 353 1004 se
365 923 591 1024 Regulare'm
603 920 889 1001 Canonicorum
910 917 1029 995 vitam
1041 918 1176 1000 ducere
1189 925 1287 1002 velle
1311 923 1517 1007 indicavit.

219 1024 331 1104 Votis
356 1024 490 1106 annuit
517 1022 762 1128 pientisfimus
784 1018 918 1099 Praesul
945 1018 1051 1115 cujus
1077 1041 1198 1116 nutu,
1223 1023 1260 1102 8(
1287 1024 1440 1104 hortatu
1452 1050 1515 1106 ex-

164 1121 336 1221 citatus,
361 1127 630 1226 roboratusque
655 1121 840 1205 Bonfilius
866 1119 1040 1200 Ecclefiae
1064 1122 1137 1198 sua
1169 1123 1330 1202 Clerum
1358 1124 1399 1203 in
1426 1153 1512 1205 con·

163 1222 236 1301 filii
263 1244 406 1325 partem
431 1225 607 1304 adduxit.
634 1226 766 1325 Itaque
792 1220 852 1300 die
866 1250 899 1322 3.
912 1220 1035 1316 Maii,
1062 1223 1283 1334 inventioni
1295 1226 1511 1308 Dominicae

163 1323 302 1403 Crucis
314 1327 414 1407 sacra
439 1320 958 1424 ann01141.Canonlcorum
986 1321 1136 1400 habitus
1148 1324 1215 1402 sub
1226 1324 1321 1402 Divi
1334 1327 1511 1424 Augusti·

158 1423 198 1501 ni
221 1426 353 1525 regula
378 1428 425 1505 ab
435 1426 575 1504 eisdem
587 1424 820 1525 adsumptus:
846 1419 1221 1523 quaptimafuerunt
1248 1425 1326 1525 ejus
1338 1425 1508 1505 Instituti

161 1522 205 1602 in
232 1526 339 1603 Urbe
367 1527 513 1605 Veneta
539 1525 713 1605 exordia.
778 1563 780 1567 v

211 1624 396 1705 Instituta
422 1625 509 1705 vitae
536 1625 852 1725 rationemque
877 1621 1016 1725 absque
1040 1624 1195 1724 loannis
1216 1625 1509 1728 PolaniEpisco·

161 1723 200 1823 pi
225 1725 430 1805 Castellani
455 1728 592 1806 allensu
620 1727 765 1826 sumpta
789 1724 933 1821 suerat,
959 1728 1203 1825 comprobare
1230 1751 1388 1807 renuens
1415 1731 1507 1807 Prae·

159 1826 430 2005 sul,dClerum
455 1826 566 1930 iplius
585 1826 758 1909 Ecclesiae
780 1850 802 1901 a
822 1824 980 1907 Divinis
1001 1825 1138 1906 officiis
1150 1826 1362 1928 Episcopali
1385 1826 1507 1909 arcuit

158 1949 249 2006 man
277 1949 362 2007 ato.
577 2004 581 2012 ,
882 2001 903 2018 ,,

191 2029 371 2109 ‘Suotum
398 2026 594 2115 destitutus
619 2055 755 2136 opera,
779 2025 956 2112 societate
982 2026 1020 2110 8(
1046 2026 1179 2110 solatio
1199 2026 1406 2131 Romilius,
1433 2038 1501 2114 Pa·
1609 2083 1612 2090 ·

157 2127 361 2210 triarcham
387 2134 506 2212 adivit
530 2136 703 2215 validum
728 2134 806 2234 ejus
831 2132 1040 2235 praesidium
1067 2131 1365 2233 impetraturus.
1393 2135 1503 2237 Opti·

155 2229 210 2306 mi
238 2230 312 2310 viri
339 2234 531 2328 miseratus
557 2236 624 2316 ille
649 2235 867 2337 angustias,
903 2258 992 2312 cum
1018 2231 1128 2313 aliter
1153 2233 1189 2311 ei
1224 2233 1386 2335 prodelle
1422 2261 1503 2315 non

153 2332 270 2428 pollet
297 2335 530 2433 (prasertim
557 2340 608 2417 ob
633 2347 747 2451 grave
773 2334 985 2429 diffidi'um,
1009 2335 1110 2434 quod
1137 2332 1236 2412 inter
1256 2335 1316 2429 se,
1341 2335 1379 2411 8(
1400 2335 1502 2436 Epis·

155 2453 294 2531 copum
314 2435 597 2535 Castellanum‚
623 2461 774 2538 ejusque
797 2439 946 2520 Patrem
969 2433 1123 2513 Petrum
1144 2436 1295 2514 Ducem
1319 2434 1500 2513 Venetia·

154 2555 242 2609 rum
269 2555 444 2612 exortum
468 2538 613 2634 fuerat,
638 2565 681 2617 ea
707 2537 938 2638 potissimum
966 2536 1011 2615 de
1037 2536 1179 2630 causa,
1214 2534 1316 2635 quod
1343 2535 1500 2614 Patriar·

155 2632 229 2709 cha
255 2657 344 2712 cum
377 2635 537 2714 Familia
559 2638 740 2716 Baduaria
766 2640 893 2716 turbas
919 2656 1052 2714 contra
1079 2634 1306 2714 eleciionem
1332 2635 1500 2731 ejusdem

154 2732 257 2813 Petri
287 2735 408 2815 Ducis
433 2759 746 2834 commoverant,
773 2739 788 2833 l
826 2760 946 2816 unum
984 2760 1004 2812 e
1042 2734 1201 2837 propriis
1233 2732 1500 2834 Presbyteris,

153 2831 219 2931 qul
242 2835 441 2936 Capeliani
468 2864 626 2918 munere
653 2838 902 2938 fungebatur,
932 2835 1097 2914 Bonfilio
1123 2833 1306 2913 comitem
1332 2833 1499 2928 addidit,

151 2952 194 3009 ut
221 2933 287 3034 ipst
314 2936 354 3014 in
376 2936 531 3018 Divinis
556 2938 695 3018 officiis
719 2938 840 3018 soclus
866 2933 1088 3015 inserviret.
1114 2937 1170 3014 At
1195 2933 1260 3012 hic
1286 2932 1496 3026 conviciis,
1566 2951 1568 2954 ’

151 3030 188 3108 8(
216 3035 331 3115 minis
356 3039 580 3118 aemulorum
607 3039 824 3140 perterritus
850 3057 932 3116 tum
958 3034 1154 3130 officium,
1180 3029 1502 3146 tumSaneliolliri

149 3129 446 3215 familiaritatem
472 3140 635 3226 deserere
661 3136 810 3219 coaetus
836 3138 915 3218 est.
944 3140 990 3216 In
1016 3136 1093 3234 ejus
1129 3134 1258 3216 locum
1288 3135 1499 3247 Dommrco

148 3229 296 3314 Bonato
325 3237 526 3320 Canonico
555 3238 591 3320 S.
611 3239 746 3318 Maria
772 3239 818 3320 de
850 3238 1021 3318 Avelana
1049 3255 1272 3336 procurante
1298 3235 1419 3315 socrus
1445 3233 1498 3313 al·

150 3349 208 3413 ter
235 3336 399 3418 successit
427 3338 675 3442 virprobataa
702 3338 927 3440 integritatis
953 3338 991 3418 8(
1016 3337 1125 3416 fidei.
1483 3427 1494 3448 .

200 3439 429 3518 Innocentio
451 3443 500 3519 ΙΙ.
530 3443 582 3519 rei
610 3442 742 3521 seriem
769 3440 938 3541 exposuit
963 3438 1178 3518 Patriarcha
1199 3431 1401 3516 Dandulus
1426 3458 1501 3535 qut¹

148 3538 192 3616 ad
205 3540 471 3640 Apostolorum
483 3541 618 3621 limina
638 3542 722 3624 aliis
748 3541 937 3620 etiamne
962 3539 1077 3618 causls
1103 3541 1140 3616 se
1161 3536 1397 3617 contulerat:
1422 3529 1499 3615 col·

149 3637 416 3743 laudatumque
438 3644 646 3723 Bonfilium
669 3646 844 3723 Romano
867 3639 1043 3718 Pontifici
1070 3634 1278 3739 plurimum
1305 3660 1497 3716 commem

149 3738 271 3817 davit.
300 3743 409 3819 Favit
437 3746 634 3838 Pontifex,
661 3766 880 3843 novumque
904 3738 1212 3843 Monallerium‚
1237 3735 1389 3838 ejusque
1416 3761 1496 3838 per·

150 3839 255 3922 lonas
267 3843 381 3921 subs.
394 3844 493 3921 Petri
507 3844 739 3944 protectione
765 3842 966 3942 suscipiens
994 3865 1172 3941 nuperam
1185 3840 1371 3917 Venetam
1391 3839 1496 3918 Con⁴

151 3944 408 4042 gregationem
436 3948 638 4054 approbare
666 3946 839 4045 dignatus
864 3941 918 4021 est
943 3941 1081 4021 litteris
1107 3935 1201 4019 datis
1227 3936 1405 4051 Laterani
1431 3963 1496 4015 an·

148 4063 193 4117 no
218 4040 488 4121 Intarnatr‘oms
512 4043 716 4124 Dominica
733 4073 836 4144 1140.
863 4042 923 4121 die
939 4072 993 4144 13.
1022 4040 1143 4136 maii,
1168 4040 1409 4133 Pontificatus
1435 4059 1495 4112 ve·

126 4153 192 4222 ‘'ro
217 4143 274 4222 sui
299 4170 400 4223 anno
424 4167 494 4223 x11.
522 4147 536 4245 l
560 4145 614 4244 a)
643 4145 832 4243 Maiorem
860 4143 976 4224 etiam
1012 4141 1161 4244 paterni
1187 4135 1340 4219 affectus
1367 4132 1495 4217 carita·
1565 4225 1567 4228 .

1366 4257 1445 4312 tem
1498 4295 1502 4301 .

191 4378 254 4456 (a)
274 4378 370 4454 Jot'eplr
392 4377 633 4460 Mozzagrugnius
653 4380 683 4441 in
710 4374 786 4439 libro
806 4375 853 4439 cui
875 4371 980 4441 titulus
999 4379 1140 4440 Narratio
1167 4369 1421 4456 rerumgestarum
1439 4377 1494 4438 Ce-
1607 4379 1613 4396 ⁸

300 4458 473 4521 nonicorum
492 4456 679 4539 Regulatiutu
700 4456 755 4520 hoc
768 4459 943 4520 ·1nnocentii
957 4462 1000 4519 11.
1018 4455 1149 4535 diploma
1167 4452 1252 4517 affert
1273 4453 1295 4513 1.
1303 4474 1330 4531 7.
1351 4452 1415 4529 po.
