3850 5342
348 2434 1179 2615 ORDINIS
1248 2316 2361 2591 SERVORUM
2435 2438 2559 2549 B·
2605 2419 2786 2548 M
2832 2431 3041 2585 V

357 2637 468 3048 Ι
613 2655 678 3011 J
729 2658 809 2734 T
851 2655 1290 2737 clariffimus
1314 2619 1721 2739 Servorum
1748 2658 2017 2740 Mariae
2041 2660 2299 2756 Ordo,
2354 2656 2486 2760 qui
2514 2658 2656 2754 iarn
2681 2679 2810 2757 per
2830 2653 3016 2732 Bea

360 2761 367 2771 ⁴
763 2778 881 2873 tos
933 2759 1217 2858 septem
1294 2760 1497 2839 viros
1551 2762 1980 2841 Florentiae
2035 2762 2450 2840 institutus
2477 2757 2668 2837 Divi
2725 2753 3020 2853 Philip-

760 2859 838 2959 pi
879 2861 1158 2938 Benitii
1202 2861 1540 2957 meritis.,
1593 2863 1666 2940 8<
1711 2863 1954 2943 studio
1995 2889 2128 2963 per
2173 2861 2475 2940 Italiam
2520 2860 2848 2958 aliasque
2871 2855 3024 2932 Eu-

764 2984 960 3061 ropae
988 2962 1423 3042 Provincias
1468 2965 1614 3042 sese
1657 2964 2108 3058 diffuderat,
2162 2963 2243 3039 in
2285 2963 2579 3062 inclyta
2618 2960 2847 3039 eti-am
2873 2956 3023 3034 Ve-

318 3039 697 3129 netiarum
753 3065 937 3131 urbe
981 3064 1226 3141 sedern
1269 3063 1631 3159 haberet,
1686 3068 1949 3143 Petrus
1995 3065 2085 3142 de
2112 3062 2459 3139 Tuderro
2484 3059 2790 3127 ossavus
2833 3053 3045 3151 ejus-

317 3149 494 3228 de‘m
538 3153 849 3229 Ordinis
894 3151 1289 3227 Generalis
1334 3163 1700 3246 Magister
1752 3158 2140 3262 renglolos
2194 3147 2395 3227 viros
2468 3175 2698 3227 anno
2718 3147 3024 3227 mille-‚fi-

322 3274 458 3326 mo
500 3250 1020 3329 tercentesimo
1063 3247 1362 3327 decimo
1402 3267 1672 3348 quarto
1696 3248 2074 3335 Venetias
2101 3247 2346 3344 misit,
2398 3250 2554 3329 fore
2587 3249 3027 3342 confidem,

322 3373 408 3428 ut
434 3349 676 3437 Cives
728 3376 1050 3452 quorum
1107 3351 1210 3428 est
1262 3347 1630 3450 perspec'ta
1675 3375 1848 3450 erga
1893 3351 2308 3452 Deiparam
2353 3352 2634 3467 pietas?
2691 3349 3029 3428 eusdem

325 3451 599 3530 Servos
653 3451 1180 3531 humanissime
1236 3451 1668 3552 exciperent
1724 3453 2150 3567 sacramque
2175 3454 2443 3531 AEdem
2501 3453 2633 3531 ubi
2679 3377 3023 3550 V'irginis

327 3550 584 3631 laudes
638 3555 1202 3632 celebrarentur
1236 3607 1262 3646 ‚
1334 3574 1686 3667 prompto
1742 3553 2166 3653 libentique
2220 3554 2480 3633 animo
2548 3551 3023 3632 excitarent.

332 3654 522 3732 Non
578 3653 735 3737 haec
790 3681 964 3734 eum
1022 3654 1290 3732 fefellit
1343 3681 1654 3753 opimo,
1707 3681 1844 3733 nec
1898 3656 2054 3754 spes
2108 3655 2318 3732 irrita
2371 3655 2616 3735 ceffit.

368 3757 785 3835 ·Fratrum
830 3759 1293 3851 adventum,
1344 3755 1419 3832 8<
1447 3754 1885 3834 Monasterii
1912 3755 2436 3835 fundationem
2482 3774 2860 3836 enarravit
2885 3757 3030 3830 Ar

252 3940 256 3945 ,
333 3858 748 3957 changelus
802 3859 1118 3939 Gianius
1173 3856 1660 3936 Florentinus
1714 3857 2010 3956 ejudem
2066 3856 2392 3935 instituti
2450 3859 2532 3937 in
2587 3852 3034 3935 Florentina

334 3956 842 4037 Univerfitate
885 3963 1044 4039 Sac.
1091 3959 1370 4037 Theol.
1419 3958 1781 4074 Magister
1839 3960 2068 4074 Tom.
2118 3987 2175 4037 1.
2223 3961 2690 4038 Annalium
2718 3957 2849 4035 lib.
2892 3968 3037 4030 vss.

337 4086 493 4161 cap
538 4083 640 4137 1x.
694 4081 1030 4141 attamen
1085 4062 1164 4139 in
1223 4062 1361 4138 hac
1415 4061 1887 4138 enarratione
1942 4059 2063 4138 vir
2115 4061 2589 4161 coeteroquin
2644 4050 3037 4138 laudatiffi-

340 4183 506 4238 mus
557 4163 811 4241 minus
853 4163 954 4241 est
976 4163 1519 4258 attendenduS‚
1571 4161 1929 4262 fiquidem
1956 4187 2048 4238 ex
2092 4162 2245 4239 loci
2289 4160 2903 4262 longinquitate,
2943 4167 3041 4231 ex

341 4285 1015 4445 moznurnefforum
1041 4261 1378 4364 desem,
1431 4288 1524 4349 ex
1569 4263 1975 4367 aequivocis
2019 4284 2252 4447 exam
2296 4263 2753 4354 nominum,
2800 4257 2877 4335 8<
2917 4273 3039 4331 re

337 4409 351 4418 -
511 4387 652 4437 om.
2762 4375 2943 4438 rum
