3850 5342
970 482 1114 602 nv.)

415 634 564 725 NEQUE
601 633 912 737 veroquisquam
948 637 1046 715 mihi
1083 636 1292 739 succenseat
1329 636 1430 734 quod
1457 635 1712 715 Plebanorum·

365 736 496 814 seriem
526 735 701 811 Paroeei'is
726 736 955 813 addiderims
979 740 1164 814 Laborem
1195 737 1296 813 bunc
1318 737 1405 813 Viri
1429 737 1493 813 alii
1520 734 1710 814 clarisfimi

364 834 484 913 adorti
496 833 604 925 sunt,
631 859 835 934 eorumque
848 836 988 930 telam,
1006 862 1079 936 qua
1091 835 1309 930 deficiebat,
1336 835 1514 932 implevi:
1542 855 1710 933 utquam

366 958 412 1011 ex
440 933 513 1010 hoc
541 933 745 1010 utilitatem
772 935 1018 1034 prosediuram
1044 936 1110 1036 ipsr
1136 937 1348 1034 sperabant,
1374 934 1537 1012 Ecclesra
1563 937 1714 1010 Veneto

367 1035 519 1109 tandem
545 1034 761 1133 colligeret.
790 1036 988 1113 Nimirum
1016 1037 1231 1135 quicunque
1252 1035 1367 1113 Urbis
1387 1033 1516 1111 nostrae
1542 1033 1715 1111 indolem·

366 1133 502 1227 novit,
529 1157 605 1210 non
632 1130 697 1211 ille
717 1135 885 1231 ignorat,
906 1137 1156 1214 Ecclesrarom
1171 1133 1335 1211 Pastores
1348 1158 1440 1234 pene
1468 1134 1520 1210 ira
1546 1133 1581 1210 se
1602 1132 1716 1208 habe«

365 1258 406 1309 re
433 1233 478 1309 ad
491 1233 694 1310 Paroeciam
716 1235 879 1335 quisque
899 1237 1026 1332 suam,
1053 1234 1311 1335 utEpiscopus
1338 1236 1383 1312 ad
1405 1231 1714 1333 propriamDioee

331 1387 335 1395 ·
367 1331 502 1410 cesrm.
528 1333 711 1432 Capitulo
737 1336 774 1412 8(
800 1339 902 1416 clero
930 1339 1110 1434 praesunt,
1132 1360 1282 1436 gregem
1310 1338 1360 1412 ob
1388 1334 1515 1434 populi
1542 1333 1709 1430 srequen·

363 1433 457 1509 tiam
486 1433 616 1511 multis
639 1435 839 1514 bominum
859 1438 1029 1515 millibus
1052 1437 1245 1536 copiosum
1269 1437 1432 1531 babent,
1458 1432 1495 1510 8(
1520 1434 1568 1509 ab
1594 1456 1639 1508 eo
1667 1429 1709 1506 io

364 1532 538 1631 suffragia
564 1555 701 1629 eunte,
728 1556 769 1615 ut
791 1538 887 1616 olim
899 1537 1099 1639 Episcopi,
1125 1538 1356 1636 deliguntur,
1382 1536 1482 1635 quod
1509 1553 1619 1632 caput
1646 1527 1713 1623 en,

363 1631 574 1732 privilegiis
600 1659 721 1734 neque
749 1639 936 1735 obscuris,
964 1664 1091 1738 neque
1112 1637 1367 1716 mediocribus
1403 1638 1443 1712 in
1472 1657 1628 1730 utroque
1656 1627 1709 1704 so·

362 1756 406 1810 ro
433 1733 632 1830 presertim
660 1738 916 1818 Ecclcsraslico
944 1760 1123 1816 utuntur.
1150 1739 1232 1834 Jam
1263 1762 1352 1812 vero
1377 1758 1423 1810 ex
1450 1757 1581 1809 corum
1603 1730 1709 1806 ebro

366 1833 544 1931 nologica
570 1835 661 1912 serie
688 1862 807 1913 nemo
830 1866 907 1914 non
934 1838 1038 1912 videt
1065 1858 1178 1933 quam
1207 1834 1331 1931 persici
1371 1832 1476 1931 posfit
1504 1828 1710 1923 Ecclesrae,

362 1932 429 2007 cui
456 1935 637 2029 praesunt,
666 1934 835 2011 historia.
863 1936 1003 2014 Rursus
1024 1961 1136 2036 quam
1159 1956 1206 2010 ex
1233 1930 1383 2009 historia
1396 1928 1567 2007 Ecclefiae
1594 1926 1711 2021 cujus»

364 2029 461 2107 libet
489 2030 648 2128 persesio
675 2034 888 2131 perficiatur
925 2037 1068 2137 integra
1097 2035 1343 2110 Venetiarum
1373 2028 1626 2107 Ecclesrastica
1655 2025 1711 2101 hi-

366 2129 497 2207 storia.
526 2133 745 2210 Dumenim
768 2134 919 2237 smgulae
941 2157 1062 2236 partes
1088 2135 1129 2213 in
1156 2134 1292 2212 melius
1313 2130 1620 2221 conformantur,
1647 2151 1709 2203 ne·-

363 2232 458 2309 cesse
485 2230 820 2330 estetiamtotum,
845 2240 953 2337 quod·
984 2238 1070 2314 inde
1098 2236 1273 2329 resultat,
1301 2231 1505 2310 secundum
1532 2251 1707 2305 numeros

361 2355 494 2410 omnes
520 2335 723 2434 compleri.
752 2338 858 2438 Qrid
884 2340 985 2438 quod
1012 2338 1111 2431 alii,
1137 2357 1248 2435 atque
1276 2333 1341 2411 alii
1368 2356 1414 2410 ex
1449 2328 1614 2406 Veneris«
1634 2326 1711 2402 Ple·

365 2432 471 2511 bnnis
497 2459 648 2513 morum
669 2437 910 2539 integritate,
936 2435 1354 2537 dodrinaepraestantia‚
1380 2427 1710 2509 insularumetiam

366 2531 743 2634 sacrarumdignitare
769 2542 1019 2636 claruerunt,
1046 2543 1107 2617 vel
1134 2538 1280 2637 aliquid
1303 2537 1377 2612 tale
1404 2533 1620 2622 ediderunt,
1646 2551 1712 2602 un

362 2633 412 2744 de
439 2634 572 2733 possmt
600 2658 719 2736 partes
742 2640 1037 2719 hist'oriae‘adlru'c
1057 2640 1290 2717 subobscurat
1318 2637 1410 2713 luce*
1430 2630 1579 2709 meliori
1599 2630 1710 2741 dona-

366 2737 426 2809 n?
452 2735 638 2836 Denique
657 2737 751 2817 illud
779 2743 840 2818 vel
877 2743 1054 2820 maxime·
1072 2741 1168 2817 mihi
1207 2735 1474 2836 negligendum
1504 2727 1712 2819 nonfuit,

365 2834 467 2946 quod
494 2836 669 2935 plurimis
692 2842 858 2921 Potritiis
885 2844 1055 2922 Familiis
1081 2868 1148 2942 pro
1176 2862 1345 2917 veterum
1384 2852 1711 2942 temporumucon·

365 2933 510 3013 drtrone
537 2963 614 3016 non
641 2941 831 3021 mediocre
858 2947 988 3024 attulit
1015 2962 1299 3022 ornamentum:
1327 2940 1392 3015 Ex·
1413 2957 1550 3028 ,earum⁴
1568 2930 1710 3040 serlreet

359 3031 442 3110 sinu
457 3038 685 3139 prodierunt
714 3042 872 3122 nebani'
895 3050 991 3124 bene
1018 3044 1155 3137 multi,
1181 3064 1341 3142 quorum
1365 3033 1575 3112 virtutibus
1589 3029 1714 3106 addua

361 3130 553 3231 sanguinis
579 3139 818 3213 Claritas-003
840 3149 946 3234 apud
967 3140 1334 3234 populummirifice
1356 3131 1658 3211 commendavit.
1707 3186 1712 3194 .

412 3235 497 3310 Hic
525 3234 1066 3312 tamenmonitumLesiorem
1088 3234 1229 3328 velim,
1257 3232 1369 3311 iniis
1396 3230 1622 3309 illustrandis
1647 3251 1711 3304 me

362 3331 485 3410 solum
513 3334 742 3430 immorari,
767 3335 832 3435 qui
860 3334 949 3412 vitae
975 3332 1219 3411 sansilmonia
1246 3335 1394 3432 piisque
1416 3332 1586 3408 moribus
1610 3350 1713 3405 com·

362 3433 597 3512 mendabiles
623 3434 809 3528 sueruntt‘
825 3437 925 3535 quod
953 3434 1090 3535 pariter
1115 3432 1212 3511 mihi
1239 3432 1412 3532 proposui
1440 3432 1476 3507 8(
1501 3428 1714 3507 constanter

360 3532 538 3633 prestabo
564 3534 731 3641 respeblu
757 3562 923 3631 eorum,
959 3534 1091 3634 quiin
1121 3534 1277 3612 Venetis
1303 3530 1505 3611 Coenobiis
1543 3526 1712 3627 Religio·

360 3634 442 3711 sum
470 3634 622 3749 aliquod
642 3635 862 3716 institutum
884 3637 1099 3739 prolitentes
1125 3658 1214 3714 cum
1235 3631 1441 3712 sanslitatis‘
1459 3626 1710 3729 &integerri-

362 3758 432 3812 mae
460 3735 550 3841 vito
576 3737 685 3814 laude
712 3739 909 3818 vixerunt.
936 3739 1020 3818 Cur
1046 3738 1155 3816 enim·
1177 3739 1370 3836 persequor
1396 3734 1564 3813 dodirina
1590 3732 1627 3805 8(
1649 3728 1709 3840 lit·

363 3834 454 3913 teris
481 3836 665 3933 eximios,
691 3864 809 3940 quum
837 3842 879 3920 in
906 3843 1033 3921 lucem
1059 3860 1172 3939 quam
1201 3841 1366 3940 primum
1393 3836 1557 3936 prodibit
1573 3829 1709 3908 'Erudi-

362 3934 490 4014 tissrmi
518 3937 603 4015 Viri
633 3940 757 4018 Marci
786 3936 995 4022 Fbscareno
1023 3946 1174 4020 Procur.
1212 3938 1409 4040 egregium
1437 3937 1506 4014 hac
1535 3936 1642 4029 super
1668 3952 1715 4005 re

363 4060 479 4134 opus,
505 4039 606 4136 quod
635 4041 820 4121 bonarum
846 4044 988 4122 ortium
1014 4063 1221 4135 amatores,
1248 4043 1389 4119 dudum
1417 4034 1622 4114 avidissrme
1649 4051 1716 4107 ert-1

362 4136 535 4313 pedam?
560 4140 669 4218 Adde
694 4143 967 4224 Litteratorum
995 4143 1197 4222 hominum
1209 4142 1324 4220 Urbis
1352 4138 1460 4234 hujus
1473 4136 1592 4227 vitas,
1618 4155 1712 4231 quas

379 4238 492 4315 abore
520 4239 758 4338 incredibili,
782 4245 819 4321 8(
846 4246 972 4324 solerti
1001 4245 1120 4323 studio
1146 4243 1316 4322 contexit
1344 4243 1451 4318 Pater
1476 4230 1709 4336 Joannesde

365 4337 585 4442 Augustinis
611 4343 772 4425 Ordinis
794 4346 1002 4449 Minorum
1024 4347 1071 4425 de
1097 4343 1346 4424 Obseruantia
1372 4329 1707 4514 CoenobiiFrSaapsli
