3850 5342
470 435 510 520 S.
543 414 872 519 Hiaioniiii
905 428 1211 517 Doce-ouis:
1365 453 1450 540 117

161 585 206 665 in
219 583 289 665 sua
300 584 617 686 Congregationis
630 584 793 688 hospitio
804 582 844 662 in
856 582 891 663 S.
902 582 1106 686 Raphaelis
1115 585 1305 679 confinio,
1332 585 1393 664 sed
1412 586 1518 687 apud

160 688 260 766 Diui
282 686 511 789 Hieronymi
533 686 809 787 Monasterium
835 684 875 763 in
898 684 1029 766 alienis
1051 685 1190 765 adibus
1203 686 1421 764 consedisse.
1448 690 1510 766 In-

157 807 263 866 terea
290 808 417 867 tamen
444 787 517 867 hoc
544 812 622 866 non
648 787 768 867 officit
794 786 963 887 sepulcro
989 787 1154 886 ejusdem
1193 787 1290 888 apud
1318 787 1510 867 Moniales

160 888 381 985 statuendo,
406 889 507 990 quod
529 907 570 966 ut
581 886 746 968 dilucide
767 885 1002 988 intelligatur
1028 914 1109 970 reni
1130 889 1243 968 altius
1263 907 1413 990 repeto.
1439 890 1514 975 Lu-

160 990 221 1068 cia
247 990 494 1090 supralaudati
515 990 670 1090 Joannis
689 989 903 1069 Contareni
929 989 1033 1087 lilia,
1070 992 1115 1068 ad
1144 1016 1258 1092 quani
1284 1014 1331 1068 ex
1357 1010 1517 1090 paterna¹

161 1090 379 1170 haereditare
406 1117 493 1171 cum
523 1091 686 1194 hospitio
708 1090 804 1168 Divi
826 1090 1058 1192 Hieronymi
1078 1093 1403 1194 alterius.quoque
1429 1089 1512 1168 hos·

157 1190 247 1291 pitii
273 1192 340 1271 sub
362 1193 457 1271 Divi
478 1193 550 1292 Job
572 1191 854 1295 nuncupatione
880 1216 901 1269 a
927 1191 1103 1293 proximo
1129 1192 1165 1272 ei
1192 1193 1405 1275 adhaerente
1417 1196 1513 1270 Ora·

158 1292 261 1372 torio
287 1294 478 1395 desumpta
513 1320 593 1379 non
628 1295 743 1394 longe
769 1320 790 1370 a
817 1291 940 1394 primo
966 1292 1024 1371 siri
1050 1293 1130 1392 jura
1157 1295 1409 1390 devenerant,
1435 1294 1510 1372 hoc

159 1392 365 1473 secundum
384 1397 425 1472 Β.
448 1397 558 1475 Petro
586 1397 632 1474 de
659 1394 747 1474 Pisis
773 1393 926 1495 eiusque
953 1395 1257 1497 Congregationi
1285 1396 1511 1477 concesserat

157 1519 262 1574 anno
286 1496 537 1574 Mccccxxii.
575 1522 617 1574 ea
643 1517 771 1575 tamen
798 1495 1017 1576 conditione
1043 1497 1238 1598 uppusun,
1275 1520 1317 1577 ut
1344 1497 1511 1596 ejusdem

159 1595 336 1674 Ecclesia
358 1599 590 1697 Capellanus
615 1596 770 1675 nomine
803 1595 1000 1697 Philippus
1030 1599 1137 1700 poffit
1163 1596 1204 1675 in
1228 1621 1408 1696 quantum
1435 1595 1511 1697 ipse

158 1691 261 1774 velit
287 1694 340 1774 ibi
359 1702 458 1800 [iare
482 1696 532 1778 (P
556 1695 726 1805 habitare
760 1694 810 1776 (7⁴
834 1695 969 1774 vivere
1006 1696 1187 1776 cumeis.
1227 1703 1352 1779 Verba
1378 1701 1511 1777 danius

158 1797 471 1877 exinstrumento
491 1799 532 1879 in
544 1799 713 1899 publicas
726 1798 872 1878 tabulas
892 1797 1042 1877 redad'ro
1068 1822 1133 1900 per
1145 1801 1385 1879 Franciscum
1397 1797 1512 1876 bibli·

162 1899 207 1977 ni
220 1898 411 2000 Imperiosi
422 1899 654 1980 authoritate
666 1900 873 1979 Notarium
886 1900 947 1979 die
961 1922 1014 1978 vi.
1027 1901 1244 1999 Juniianno
1256 1901 1513 1980 Mccccxxir.

158 2052 188 2097 „
211 2004 320 2077 Hunc
344 1994 463 2099 locum
490 2002 557 2102 (S.
576 2003 672 2102 Job)
697 2002 904 2102 regendum
931 2002 1107 2081 concedit
1134 2002 1275 2102 (Lucia
1288 1999 1509 2103 Delphina)

158 2154 186 2198 „
214 2102 433 2183 Venerabili
455 2103 551 2181 Viro
572 2102 694 2182 Fratri
716 2105 828 2183 Petro
851 2104 898 2181 de
921 2102 1010 2183 Pisis
1036 2103 1226 2204 prasenti,
1252 2103 1289 2182 8(
1315 2128 1383 2205 pro
1409 2102 1446 2180 se
1472 2100 1511 2177 8(

106 2204 110 2210 ’
158 2254 186 2298 „
212 2201 388 2285 societate
416 2205 478 2282 sua
504 2204 726 2306 recipienti,
751 2205 789 2284 8(
815 2204 1006 2306 stipulanti
1032 2260 1045 2302 ,
1071 2205 1125 2283 ita
1142 2206 1253 2306 *quod
1279 2204 1388 2308 possit
1414 2201 1508 2280 stare

158 2355 185 2400 „
212 2301 251 2379 in
277 2329 347 2401 co,
373 2305 411 2384 8(
437 2307 666 2409 providere,
700 2306 802 2408 quod
827 2304 882 2387 ibi
905 2306 1026 2386 Missa
1053 2306 1325 2403 celebrentur,
1350 2305 1420 2383 &c
1457 2302 1510 2381 Et

157 2456 185 2499 „
210 2402 297 2503 quia
330 2409 537 2510 Praesbyter
570 2409 800 2510 Philippus,
836 2408 901 2511 qui
928 2410 975 2489 ad
1000 2409 1156 2511 praesens
1182 2406 1237 2486 ibi
1265 2407 1446 2502 habitat,
1471 2404 1513 2481 8(

157 2557 186 2600 „
212 2505 307 2582 bene
334 2508 370 2593 se
396 2510 536 2608 gessit,
570 2512 653 2589 vult
681 2511 721 2589 in
747 2531 933 2612 quantum
960 2512 1036 2611 ipse
1065 2511 1161 2591 velit
1184 2511 1362 2608 ,morari
1388 2509 1429 2586 in
1455 2505 1509 2581 so

155 2656 183 2701 „
209 2605 344 2687 cierate
372 2608 542 2710 pradidla
568 2613 605 2690 8(
630 2612 854 2691 simulcum
880 2612 1087 2714 praedietis,
1112 2612 1214 2713 quod
1233 2611 1341 2711 possit
1367 2608 1422 2686 ibi
1441 2602 1510 2683 sta·

154 2760 183 2804 „
208 2731 272 2802 re,
298 2710 334 2786 8(
363 2712 560 2810 habitare,
579 2713 616 2790 8(
643 2713 772 2810 vivere
798 2714 962 2793 cumeis
989 2713 1026 2793 8(
1051 2713 1128 2792 fine
1140 2711 1309 2793 molestia
1319 2711 1509 2820 alioruin,
1574 2776 1578 2799 ,

153 2862 181 2905 „
209 2808 343 2889 habeat
371 2839 488 2909 unam
514 2815 651 2893 cellam
705 2842 746 2892 ro
772 2815 832 2912 se,
858 2815 894 2892 8(
922 2813 1029 2915 possit
1055 2815 1279 2908 celebrare,
1314 2814 1352 2890 8(
1377 2809 1508 2887 audire

138 2963 182 3006 „,
207 2911 450 2994 consessiones
478 2916 518 2999 in
551 2841 716 2993 Eccleiia
744 2915 948 2996 secundum
977 2912 1210 2991 honestatem
1247 2914 1284 2991 8(
1311 2911 1401 2991 dieii
1426 2906 1506 2989 loci

153 3064 181 3107 „
207 3013 418 3092 decentiam
444 3015 495 3094 (T
520 3010 656 3111 expelli
682 3041 754 3090 non
774 3014 899 3115 poffir.
927 3016 1032 3093 Cum
1061 3032 1189 3091 autem
1215 3010 1329 3113 paulo
1350 3010 1506 3111 post-eit

153 3136 201 3190 eo
230 3113 392 3213 hospitio
419 3117 454 3192 se
481 3115 734 3199 subduxissent
762 3115 1027 3215 supralaudatae
1038 3110 1362 3214 Congregationis
1388 3109 1512 3184 alum·

154 3213 223 3307 ni,
250 3212 456 3313 hospitium
483 3238 529 3292 ex
550 3206 676 3299 Luc'iae
701 3216 933 3295 concessione
954 3217 1001 3294 ad
1021 3218 1167 3294 Fratres
1179 3208 1354 3291 Minores
1375 3205 1419 3322 de
1431 3204 1514 3284 Oba

153 3314 341 3392 servantia
367 3316 543 3410 devenir3
572 3318 730 3418 indeque
754 3317 950 3419 Philippus
977 3317 1024 3396 ad
1050 3317 1212 3396 alterum
1238 3311 1284 3392 de
1304 3309 1384 3412 jure
1395 3304 1507 3409 ipsius

156 3412 366 3514 hospitium
391 3420 486 3518 apud
509 3421 543 3496 S.
565 3420 850 3520 Hieronymum
873 3422 908 3498 le
929 3420 964 3498 se
987 3416 1152 3521 recepit,⁴
1451 3509 1460 3526 ,

204 3517 317 3617 Apud
344 3517 464 3620 ipsum
481 3520 618 3625 viraque
640 3521 819 3602 Venetias
839 3516 1013 3622 appulsus
1024 3522 1161 3600 Beatus
1173 3522 1305 3598 Petrus
1325 3512 1513 3606 divertit,

155 3635 239 3696 tum
259 3619 347 3720 quia
370 3620 410 3699 in
432 3623 595 3723 angustis
622 3644 714 3711 tunc
736 3622 1165 3725 S.Raphaelisaedibu3,
1190 3619 1257 3698 ubi
1269 3618 1344 3697 duo
1357 3634 1509 3695 tantum

153 3723 427 3820 morabantur,
462 3726 569 3806 locus
595 3727 756 3819 deerat,
793 3746 877 3805 runi
903 3724 992 3827 quia
1019 3722 1072 3824 pii
1104 3720 1316 3801 Sacerdotis
1345 3720 1398 3798 ob
1427 3738 1508 3793 (ηο1

156 3842 240 3896 rum
268 3822 553 3935 similitudinem
582 3826 795 3908 amicislimi
821 3826 1013 3907 consortio
1035 3823 1108 3904 frui
1130 3825 1333 3924 exoptabat
1354 3844 1401 3899 eo
1421 3839 1511 3915 prae·
1546 3894 1549 3899 .

156 3919 283 4011 sertim
305 3946 348 3999 m
369 3922 478 4019 locu,
505 3926 571 4002 ubi
594 3928 817 4007 Sandissimi
840 3927 1019 4007 Dodioris
1047 3926 1187 4027 (cujus
1207 3925 1323 4003 titulo
1348 3938 1511 4014 nupera
1546 3988 1548 3992 .

74 4098 76 4107 ,
156 4020 380 4105 se'erediam
409 4045 606 4102 ornaverat
628 4025 982 4124 Congregationem
1003 4027 1019 4118 )
1044 4018 1230 4099 memoria
1255 4018 1432 4097 &cultus
1453 4040 1513 4128 ce«

156 4120 269 4203 lebris
297 4124 526 4205 habebatur.
554 4124 613 4204 lbi
641 4124 737 4209 febri
763 4146 957 4226 correptus
978 4114 1512 4201 evolavitadCoelumaPhi-
1549 4162 1553 4171 ι

157 4220 260 4323 lippo
280 4225 321 4304 in
344 4226 459 4328 ipsius
481 4227 706 4305 Monasterii
733 4226 881 4306 ambitu
901 4216 1098 4325 condigno
1120 4223 1264 4335 honore
1277 4218 1509 4333 tumulatus.

157 4322 247 4404 Haec
269 4324 384 4405 etiam
408 4328 566 4407 innuere
590 4328 739 4406 videtur
761 4329 936 4407 Silvanus
958 4325 1113 4404 Radius
1135 4325 1224 4401 dum
1248 4347 1287 4397 in
1301 4340 1378 4396 vita
1389 4319 1428 4392 B.
1442 4314 1511 4390 Pe·

158 4423 205 4498 iri
226 4420 493 4525 depositionem
517 4430 595 4530 ejus
615 4429 729 4509 refert
748 4429 853 4511 hisce
873 4427 1000 4509 verbis
1010 4484 1030 4526 ‚¹
1055 4421 1098 4517 ll
1110 4424 1177 4525 suo
1203 4438 1304 4517 corpo
1330 4408 1510 4594 carpnptel
