3850 5342
440 380 687 471 Onorurs
716 377 1017 471 Sonionuu
1050 384 1094 471 B.
1117 384 1181 471 M.
1202 386 1255 469 V.
1396 411 1449 495 13

168 538 207 622 'ti
235 535 445 622 cervicosos
469 536 646 617 homines
667 535 709 613 in
745 535 988 631 ,terminum
1009 536 1123 617 trium
1143 537 1286 618 dierum
1306 534 1376 637 sub
1396 557 1518 637 prena

129 712 135 713 ff
170 636 564 720 excommunicationis
583 632 669 717 lata
707 637 876 718 ententiae
884 634 929 716 de
947 636 1044 718 dieto
1065 637 1278 743 monasterio
1299 640 1385 717 loco
1405 639 1511 740 spon·

169 744 393 836 recedere,
418 760 481 817 aut
493 739 649 841 pervim
661 739 809 819 detrudi
830 739 1030 837 jusserunt.
1057 743 1290 822 Haecautem
1300 737 1431 818 omnia
1441 740 1515 819 sub

167 867 258 921 uno
283 841 532 920 instrumento
557 840 715 939 colledia
740 841 782 920 in
808 841 1001 940 publicam
1028 843 1189 922 sormam
1216 840 1335 941 redigi
1361 839 1513 917 manda·

166 941 587 1043 virdiexvrr.ejusdem
599 939 1512 1058 AugustiGerardusApostolicusexecutor(N).

221 1042 377 1125 Cundia
402 1044 450 1122 ab
471 1041 698 1144 Apostolicts
727 1043 1004 1124 Commilleriis
1029 1047 1232 1147 prudenter
1257 1069 1336 1122 non
1362 1038 1517 1136 minus,

163 1144 403 1259 quamjuste
429 1142 574 1245 peraeta
595 1144 721 1225 Sixtus
740 1147 807 1222 IV.
829 1145 901 1224 rite
922 1147 1167 1248 approbavit,
1192 1145 1259 1248 qui
1285 1142 1431 1244 pridem
1450 1139 1514 1221 die

164 1267 205 1321 x.
230 1244 325 1344 Julti
351 1244 509 1323 Vicario
529 1246 847 1347 Congregationis
871 1248 917 1326 de
944 1248 1195 1328 observantie
1221 1249 1288 1325 sub
1315 1268 1426 1346 poena
1451 1263 1515 1321 ex·

162 1346 532 1426 communicationis
558 1348 641 1427 lata
667 1347 859 1427 sententiar
886 1348 1126 1430 mandaverat
1147 1403 1161 1445 ,
1186 1368 1230 1427 ur
1259 1349 1454 1427 Venetum
1475 1340 1512 1420 S.

160 1442 308 1523 Mariae
327 1446 564 1525 Coenobiom
589 1450 657 1526 sub
683 1450 746 1526 sua
771 1447 989 1528 obedientia
1014 1450 1196 1552 reciperet
1223 1449 1309 1548 (0)
1335 1470 1407 1525 nec
1433 1465 1514 1522 tan·

158 1549 371 1624 tummodo
396 1548 638 1627 authoritatis
664 1550 735 1627 suae
761 1550 1048 1643 confirmatione
1074 1552 1155 1631 aiio
1177 1547 1378 1629 Praesulum
1404 1546 1514 1623 tobo-
1551 1622 1554 1627 ,

159 1647 306 1740 ravit,
341 1647 402 1721 sed
422 1667 489 1741 pto
509 1646 646 1741 potiori
664 1649 924 1747 premifforum
950 1647 1097 1748 cauieia
1124 1650 1272 1729 domum
1293 1641 1512 1745 pradirlam

158 1770 255 1820 cum
265 1739 427 1844 Ecclesta
446 1746 662 1844 caeterisque
683 1742 762 1844 ejus
781 1748 1011 1843 redditibus,
1037 1752 1075 1828 8(
1096 1749 1334 1847 pertinentiis
1354 1746 1429 1823 suis
1448 1741 1515 1821 eis-

157 1841 255 1921 dem
276 1842 469 1956 Fratribus
488 1842 533 1922 de
553 1842 799 1944 Obseruantia
810 1869 878 1942 per
898 1874 955 1924 eos
966 1848 1039 1958 fieb
1060 1845 1267 1926 obedientia
1285 1841 1424 1923 Virtuti
1443 1852 1512 1921 Ge·

158 1939 305 2053 aerolas
316 1944 422 2023 daun
432 1943 670 2057 obstruantiae
680 1945 878 2025 tenendam
903 1946 1250 2027 &inhabitandam
1261 1969 1377 2040 motu,
1389 1941 1512 2043 scien·

156 2063 247 2139 rra,
272 2044 1117 2145 trauthoritatepraedieisaenovoconceffit,
1143 2045 1408 2146 &assignavin
1435 2043 1511 2119 Da·

158 2162 253 2258 turn
279 2142 351 2261 suit
373 2147 549 2249 Fulginei
572 2149 755 2249 Diploma
774 2149 835 2228 die
857 2180 914 2249 27.
935 2150 1165 2250 Septembris
1190 2149 1318 2248 sapius
1340 2142 1510 2224 enuntia·

160 2263 316 2362 titano-1
343 2256 446 2350 1476.
473 2248 571 2347 (Ρ).
609 2253 668 2327 Ex
694 2277 741 2331 eo
767 2271 938 2353 tempore
960 2254 1154 2330 Venetum
1176 2247 1413 2328 Coenobiunr
1441 2244 1510 2355 sub

156 2346 310 2424 Vrcaru
331 2351 547 2429 obedientia
569 2351 698 2449 stetit,
719 2354 854 2449 donec,
879 2373 921 2430 ut
933 2352 1041 2430 affert
1052 2352 1229 2444 Gianius,
1247 2344 1387 2426 Ordini
1407 2341 1507 2421 restr-

158 2462 294 2562 tutum
312 2452 489 2552 Gregorii
511 2453 619 2531 XIII.
642 2454 734 2552 jussu
755 2454 872 2533 totius
893 2456 1084 2552 Veneta,
1116 2453 1155 2531 ἃ
1172 2451 1506 2530 Coenomanorum

161 2544 378 2630 Provincia
399 2575 510 2653 caput
536 2556 767 2633 declaratum
789 2555 883 2635 suit.
1548 2576 1553 2585 ’

216 2649 378 2730 Interim
405 2657 599 2755 completo
620 2657 892 2754 quadriennio,
917 2657 1018 2758 quod
1046 2656 1118 2754 jam
1145 2649 1359 2754 sarpedibius
1379 2641 1511 2724 Ponti.

156 2743 224 2825 fex
245 2753 370 2832 Sixtus
383 2757 449 2832 IV.
472 2782 540 2856 pro
568 2758 738 2857 plenarie
765 2757 988 2836 remiffionis
1014 2758 1166 2836 indulto
1192 2755 1389 2844 statuerat,
1414 2769 1507 2826 cum

154 2847 283 2931 adhuc
305 2855 471 2933 Ecclefia
497 2857 572 2958 ipsa
598 2860 636 2937 8(
661 2861 795 2937 domus
822 2859 885 2937 seu
913 2858 1182 2937 dormitorium
1208 2850 1441 2955 reparatione
1468 2845 1508 2926 8<

159 2969 369 3048 augmento
396 2944 634 3065 indigerent,
660 2958 922 3058 Apostolicum
949 2957 1196 3057 indulgentiae
1223 2951 1506 3049 Privi1egium,

160 3071 342 3127 exorante
370 3075 433 3149 plo
460 3059 545 3126 Viro
570 3060 769 3135 Francisco
796 3060 924 3134 Diedo
950 3062 1108 3133 Venetae
1133 3053 1369 3142 Reipublicae
1404 3045 1505 3143 apud

160 3150 198 3227 S.
233 3152 368 3227 Sedem
405 3155 567 3225 Oratore
596 3197 610 3239 ,
644 3143 701 3219 ad·
725 3152 951 3220 triennium*
971 3142 1188 3242 prorogavit
1216 3143 1275 3219 die
1304 3144 1504 3240 xv111.Ja·

158 3249 289 3326 nuarii
306 3248 395 3325 anni
416 3242 1225 3344 millefimiquadringentelmioeruagefimi
1249 3240 1384 3343 primi.
1412 3243 1427 3340 (
1438 3243 1504 3419 Qg

158 3348 261 3426 Sixti
287 3348 531 3450 privilegium
560 3371 624 3446 per
649 3346 889 3423 succellorem
916 3345 994 3439 ejus
1021 3345 1292 3423 Innocentium
1320 3343 1429 3419 VIII.
1455 3367 1476 3418 a

158 3473 289 3549 preces
315 3449 519 3551 Augustini
553 3446 749 3525 Barbadici
787 3446 929 3523 Veneti
955 3447 1128 3525 Oratoris
1164 3466 1389 3523 renovatum
1428 3440 1505 3519 suit

160 3576 262 3629 anno
288 3552 490 3631 millefimo
516 3546 881 3651 quadringentesimo
918 3546 1159 3650 nonagesimo
1185 3547 1347 3625 secundo
1374 3541 1435 3619 die
1462 3563 1500 3620 V.

158 3653 303 3757 Aprilis
330 3654 436 3754 (R).

163 3784 170 3795 ·
207 3756 280 3833 His
302 3754 526 3855 Apostolicae
553 3751 790 3835 liberalitatis
811 3750 1075 3851 largitionibus
1086 3750 1241 3829 alleuus
1252 3746 1504 3825 venetiarum

159 3855 319 3958 populus
344 3856 528 3957 copiosius
553 3854 715 3958 erogatis
736 3852 994 3947 eleemolmis,
1022 3876 1062 3931 ut
1085 3852 1404 3930 adificiissumma
1426 3869 1504 3921 ma-

158 3982 229 4035 nus
256 3957 515 4059 imponeretur
541 3957 692 4051 effecit,
717 3956 854 4058 quibus
880 3980 928 4033 ex
953 3958 1102 4054 integro
1128 3951 1330 4044 absolutis,
1356 3949 1503 4023 Fratres

161 4057 354 4139 charitatis
377 4059 542 4156 intuitu,
568 4082 610 4137 ut
631 4081 789 4159 puteum
815 4057 930 4137 etiam
952 4059 998 4135 ad
1019 4054 1258 4146 monasterii,
1284 4049 1501 4155 &inopum

162 4158 245 4235 usus
270 4159 483 4257 foderetur,
509 4162 656 4242 animos
682 4158 919 4258 adjecerunt3
945 4177 1169 4261 quapropter
1195 4178 1284 4232 cum
1310 4177 1356 4227 eo
1379 4148 1500 4253 Magr-

161 4254 297 4358 stratu,
322 4263 386 4342 cui
413 4263 541 4364 putei,
566 4263 602 4339 8<
630 4282 783 4363 ponteS,
808 4260 845 4337 8(
872 4260 942 4338 viae
970 4261 1054 4338 sunt
1080 4283 1202 4349 curat,
1229 4278 1267 4330 re
1289 4264 1500 4328 commum·

161 4380 269 4459 cata,
294 4388 428 4464 puteus
454 4390 524 4446 are
551 4365 705 4465 publico
731 4363 773 4444 in
800 4361 925 4477 media
950 4386 1035 4445 area
1059 4384 1141 4459 quae
1163 4339 1500 4521 clausttocotlrltrinc·

1392 4534 1394 4537 .
1435 4493 1449 4537 7
