3850 5342
493 442 544 501 12
703 408 785 497 Da
822 407 1196 498 Mortes-rento
1228 405 1266 493 S.
1298 408 1493 493 Matre

427 588 524 666 copo
550 561 611 644 die
631 584 668 640 x.
693 562 789 664 Julii
813 556 905 642 anni
931 570 1035 663 1476.
1061 560 1156 640 datie
1183 552 1319 640 litteris
1345 559 1572 658 mandavit,
1603 579 1647 642 ut
1671 580 1766 667 quoi

423 665 645 765 tiescuoque
666 689 688 741 a
708 666 860 743 Veneto
871 667 983 743 Duce
994 664 1260 740 Vendrameno
1280 660 1326 738 ad
1342 654 1672 764 idevocarentur,
1697 691 1769 744 au,

425 767 611 844 thoritate
637 764 747 868 ipsius
758 764 952 845 Pontificie
975 765 1102 843 locum
1122 762 1242 862 ipsum
1254 762 1482 860 Servorum,
1507 763 1573 865 qui
1599 772 1764 845 Conven-

421 861 536 944 eratis
560 886 664 962 erat,
690 866 732 945 in
755 860 957 979 regularem
983 864 1193 963 erigerent,
1209 859 1267 972 ,δ’
1286 858 1547 961 observantia,
1572 885 1685 975 atque
1705 862 1764 942 Vt·

422 964 565 1044 carium
588 965 885 1064 congregatoris
905 962 1149 1064 observantie
1175 957 1269 1040 arati
1287 959 1434 1042 Ordinis
1451 960 1659 1044 Prouincrae
1668 974 1765 1043 Tar-

423 1063 554 1168 uistna
580 1065 726 1145 nomine
746 1066 906 1167 ejusdem
918 1060 1213 1164 congregationis
1234 1061 1274 1140 in
1286 1064 1528 1166 peffeffienem
1548 1064 1653 1167 ipfius
1672 1074 1764 1144 Con·

422 1190 578 1267 uentus,
604 1167 655 1247 δ’
678 1162 749 1246 loer'
776 1166 1016 1265 rejanum,
1050 1164 1100 1245 (T
1120 1162 1426 1263 pertinentiarum
1452 1164 1558 1267 ipſsur
1590 1166 1764 1246 introdu⁴

424 1289 556 1349 terent
583 1269 621 1349 8<
646 1270 908 1370 imponerent,
931 1265 1267 1366 introduclumque
1292 1267 1423 1345 eadem
1445 1266 1676 1346 authoritate
1703 1269 1766 1347 de·

375 1462 379 1469 ¹
426 1366 653 1449 senderent.
690 1372 767 1449 Sub
796 1369 873 1448 hac
899 1368 1019 1446 serme
1045 1369 1210 1465 Decreta
1235 1367 1486 1467 supralaudati
1505 1365 1766 1447 commissarii

418 1470 629 1568 Apostolici
655 1496 743 1550 curn
770 1469 872 1571 prius
890 1462 1131 1570 personaliter
1150 1467 1197 1545 ad
1219 1466 1340 1568 ipsum
1353 1469 1766 1563 Ducemaccessrssent,

416 1568 497 1679 ejus
524 1566 714 1649 intellella
740 1566 966 1666 intentione,
991 1596 1069 1669 quae
1087 1565 1188 1668 suit,
1214 1589 1256 1645 nt
1281 1565 1385 1645 eina
1410 1566 1594 1647 mandate
1614 1570 1764 1669 Apollo-

413 1657 493 1745 lna
518 1666 651 1750 debita
675 1668 878 1750 executioni
903 1668 1191 1764 mandarentur,
1217 1670 1332 1747 ambo
1357 1669 1404 1747 ad
1430 1667 1645 1770 praedictum
1657 1669 1765 1749 Con·-

413 1789 577 1848 ventum
598 1772 634 1852 S.
659 1773 794 1852 Mariae
816 1774 1021 1852 Servorum
1047 1771 1083 1849 se
1109 1769 1374 1866 contulerunt,
1401 1768 1528 1866 ibique
1550 1789 1767 1847 convocato

411 1866 592 1949 Fratrum
613 1873 824 1972 Capitulo,
849 1895 960 1972 atque
974 1868 1201 1971 Apostolicis
1223 1868 1361 1948 litteris
1380 1868 1451 1946 rite
1473 1865 1668 1967 perlectis,
1693 1867 1765 1946 sin·

372 2060 374 2066 y
414 1969 502 2066 guli
528 1969 695 2070 ipsorum
722 1973 945 2072 interrogati
981 1972 1133 2049 suerunt
1159 1997 1208 2049 an
1234 1961 1376 2050 veilent
1401 1965 1526 2045 vitam
1553 1966 1682 2081 ducere
1706 1961 1766 2080 ol:

409 2067 641 2167 servantia,
666 2092 779 2173 atque
805 2072 846 2151 in
872 2073 1005 2151 eodem
1029 2072 1263 2151 Monasterio
1289 2072 1357 2150 sub
1382 2067 1596 2148 obedientta
1616 2068 1766 2145 Vicani

415 2166 590 2281 Domino
616 2173 822 2253 deservire.
849 2173 922 2254 His
948 2174 1086 2252 auditis
1112 2196 1195 2276 pars
1220 2172 1375 2273 quidem
1386 2172 1421 2250 se
1443 2168 1587 2247 Vicarii
1609 2164 1763 2281 regimi-

416 2289 462 2345 ur
487 2268 644 2353 subdere
668 2275 830 2354 omnino
855 2274 1143 2372 detresiarunt,
1217 2300 1251 2352 rs
1278 2300 1368 2351 vero
1395 2271 1554 2372 spatium
1581 2289 1765 2367 temporis

418 2368 574 2450 adrem
600 2375 786 2454 maturius
810 2376 1135 2475 determinandam
1175 2374 1227 2452 rbi
1255 2374 1372 2451 tribui
1394 2380 1595 2471 rogarunt,
1622 2367 1763 2469 quibus

419 2470 601 2554 omnibus
624 2473 718 2556 salia
743 2475 795 2555 est
820 2477 1053 2556 deliberandi
1079 2475 1208 2576 copia,
1233 2475 1271 2551 8<
1292 2494 1439 2554 certum
1458 2470 1648 2571 quoddam
1670 2490 1765 2578 tem·

418 2590 490 2666 pus
507 2567 730 2681 ¹statutum,
764 2577 857 2680 uest
882 2576 966 2678 quie
986 2570 1147 2657 voluerit
1172 2571 1272 2679 exire
1298 2571 1398 2674 infra
1431 2569 1630 2651 terminum
1657 2592 1766 2647 untur

421 2696 513 2745 anm
538 2667 652 2751 libere
670 2674 778 2776 poffit
802 2678 924 2758 exire.

360 2852 362 2855 .
475 2770 655 2851 Postridie
682 2775 761 2872 eius
787 2779 860 2857 diei
889 2806 954 2882 per
975 2782 1124 2861 eosdem
1139 2772 1767 2880 ApostolicosCommissariosFra-

380 2877 481 2947 -ter
510 2873 652 2953 Paulus
674 2877 720 2954 de
753 2878 878 2958 Brixia
905 2881 1084 2961 Vicarius
1101 2879 1423 2981 Congregationis
1448 2874 1694 2989 observantiae
1723 2872 1766 2947 in

415 2972 672 3074 Posseffionetn
693 2976 887 3061 inducitur
908 2982 1134 3062 Monasterii
1166 2981 1397 3060 authoritate
1421 2976 1612 3061 pontificu
1643 2971 1765 3066 dwlv·

414 3068 528 3149 rnatis
553 3069 614 3149 die
642 3076 1347 3170 xxTJuffi-quadmamenbeniae
1362 3072 1462 3166 dati,
1489 3093 1766 3169 quoquotum

415 3170 503 3245 darn
557 3169 782 3247 ertinacium
819 3171 975 3245 audacia
1000 3174 1048 3247 ab
1084 3172 1291 3251 inserendis
1323 3172 1466 3251 statuta
1503 3166 1767 3248 reformationi

413 3266 497 3344 mol
551 3267 597 3344 iis
624 3292 689 3365 per
712 3265 887 3344 censuras
905 3267 1176 3347 Ecclesiasticas
1202 3272 1338 3347 &alia
1364 3273 1686 3370 jurisopportuna
1707 3294 1764 3348 re-

412 3366 540 3445 media
552 3364 774 3444 cohibetur.
800 3367 863 3444 Ad
885 3365 965 3445 haec
976 3367 1101 3467 potior
1121 3371 1295 3446 Fratrum
1316 3395 1495 3447 numerus
1517 3394 1564 3446 ex
1584 3369 1764 3451 obedien·

414 3467 470 3545 tia
491 3465 700 3567 Apostolici
727 3466 895 3544 mandati
915 3468 962 3544 ad
982 3467 1141 3544 meliora
1157 3467 1325 3546 revocati
1348 3468 1383 3544 se
1406 3468 1452 3546 ad
1474 3468 1683 3570 regularem
1707 3470 1765 3549 vi·

412 3586 463 3645 tte
488 3566 770 3648 observantiam
795 3568 1025 3648 subeundam
1061 3590 1208 3669 paratos
1230 3570 1303 3648 else
1329 3570 1504 3649 dixerunt
1543 3572 1670 3671 paucis
1696 3595 1761 3649 ex·

414 3668 567 3769 ceptis,
592 3690 757 3770 quorum
784 3694 882 3748 unus
907 3670 1174 3747 tantummodo
1187 3671 1377 3767 Venetus,
1398 3672 1536 3773 reliqui
1565 3698 1655 3750 vero
1681 3695 1764 3748 om-

414 3793 481 3848 nes
507 3791 594 3851 ortu
616 3771 807 3850 Dalmata
832 3770 934 3849 fuine
960 3770 1167 3847 dicuntur.
1195 3771 1252 3877 Hi¹
1277 3774 1451 3870 quamvis
1479 3799 1638 3851 numero
1666 3771 1761 3850 inse·

417 3867 570 3969 riores,
594 3871 749 3951 audacia
775 3894 903 3950 tamen
930 3871 1135 3951 validiores
1168 3873 1443 3951 nonnullorum
1470 3875 1585 3952 etiam
1611 3872 1758 3949 auxilio

303 3987 307 3995 ’
416 3966 527 4067 freti,
552 3970 615 4071 qui
641 3971 688 4050 ab
713 3995 821 4051 extra
844 3996 1050 4068 venerant,
1077 4000 1155 4054 non
1168 3974 1290 4052 solum
1314 3973 1589 4052 observantiam
1615 3971 1761 4070 regola-

415 4093 498 4148 rem
523 4073 570 4151 ad
599 4075 767 4152 Romani
799 4073 994 4155 Pontificio
1020 4097 1190 4152 mentem
1216 4073 1391 4174 amplecti
1418 4091 1658 4165 renuerunt,
1694 4071 1758 4148 scd

417 4166 457 4247 3<
476 4173 659 4259 Coenobii
686 4200 852 4274 pacem,
887 4175 1181 4255 &laudabilem
1208 4176 1412 4276 disciplinae
1448 4171 1759 4249 reformationem
1821 4186 1823 4191 '

420 4273 613 4345 temeraria
636 4274 724 4371 ausu
745 4301 959 4378 oppugnare
986 4299 1203 4377 coeperunt.
1231 4281 1470 4377 Quapropter
1497 4274 1543 4351 de
1569 4272 1665 4351 Sixti
1689 4273 1757 4350 IV.

418 4369 598 4453 mandato
623 4371 685 4456 die
705 4396 769 4458 111.
790 4377 952 4483 Augusti
974 4378 1139 4477 ejusdem
1164 4378 1255 4459 anni
1276 4374 1756 4483 datonpostoliciDelega

1677 4494 1707 4549 tr
