3850 5342
429 453 587 555 ¹Otr-u
631 452 1080 570 Cauctrauoruit
1114 458 1191 541 &cr
1344 478 1425 567 175

141 609 286 711 tionem
311 608 427 711 ipsam
452 609 668 710 complente
695 608 732 690 8(
758 613 958 690 roborante
980 612 1230 693 bartolomaeo
1250 610 1311 691 SS.
1336 606 1489 711 aposto·

142 715 262 797 lorum
276 713 444 792 Plebano
469 711 702 793 &Notans
729 713 1132 814 Notatudignumest‚
1152 712 1388 818 Raynerium
1406 712 1489 788 Du·

143 841 226 895 cem
251 813 361 916 ipsius
380 813 555 895 Ecclesia
576 815 612 894 S.
636 814 770 895 Maria
797 816 1061 895 advocatorem
1087 815 1287 918 appellari,
1313 814 1417 911 cujus
1442 813 1493 889 ti·

145 916 214 996 tuli
241 915 468 1019 appositione
493 943 520 997 n
591 941 712 1012 uam,
748 918 850 1018 quod
887 917 1163 1013 meminerim,
1200 913 1331 994 inveni
1358 917 1487 994 Duces

146 1017 247 1096 fuisse
274 1017 520 1099 nominatos.
601 1018 723 1096 obolis
750 1019 1039 1121 subscripserunt
1076 1044 1122 1099 ex
1148 1016 1357 1098 Cruciseris
1382 1014 1491 1094 Prior
1597 1065 1601 1075 .

147 1119 683 1215 Coenobii‚8acertloresduo,
694 1120 1013 1218 Diaconusuous,
1021 1124 1229 1221 decemque
1240 1118 1368 1213 Larci,
1388 1116 1490 1217 quod

148 1218 287 1298 indicio
299 1218 374 1316 est,
394 1219 625 1322 Crucigeros
635 1224 686 1300 ob
697 1223 961 1325 aegrotantium
975 1223 1197 1302 famulatum
1211 1220 1333 1300 Laicis
1345 1244 1417 1319 prae
1430 1218 1492 1295 Sa-

149 1320 363 1399 cerdotibus
373 1321 650 1419 abundasse,uti
662 1350 745 1403 mos
755 1323 806 1402 est
816 1324 931 1402 etiam
944 1350 1043 1404 nunc
1057 1323 1298 1422 inReligiosa
1309 1318 1493 1415 Familia,

145 1446 256 1523 quam
279 1421 436 1502 Sandlus
462 1423 625 1537 Joannes
651 1427 696 1503 de
719 1426 807 1503 Deo
834 1424 1017 1504 instituit.
1045 1426 1318 1526 Suprarelatam
1347 1421 1492 1523 paludis

145 1521 407 1603 venditionem
434 1523 617 1606 dilatandi
641 1525 866 1606 Monallerii
887 1526 1156 1607 &Camarina
1176 1524 1283 1604 causa
1302 1520 1492 1624 perediam

143 1624 244 1703 luisse
266 1647 315 1702 ex
335 1648 383 1702 eo
394 1623 580 1722 arbitror,
605 1626 707 1726 quod
719 1627 994 1729 autographum
1008 1628 1301 1705 instrumentum
1322 1623 1362 1701 in
1382 1622 1492 1724 ipsrus

140 1723 366 1810 Monasterii
385 1723 741 1807 Saudlimonialium
762 1729 935 1810 Archivo
954 1729 1079 1807 adhuc
1095 1728 1322 1822 reservatur,
1349 1747 1395 1802 ex
1417 1750 1493 1825 quo

144 1828 412 1926 depromptum
438 1825 510 1906 suit
537 1828 637 1927 (B).
1095 1857 1099 1865 ·

189 1928 390 2029 Hospitale
415 1929 519 2028 quod
548 1952 600 2008 ex
632 1930 792 2010 aduerso
829 1928 1056 2009 Monaslerii
1093 1924 1267 2009 aedificari
1300 1945 1496 2006 curaverat

142 2031 280 2113 Clesus
311 2031 530 2110 Grausonus
555 2030 766 2133 privilegiis
800 2032 839 2110 8(
866 2032 1049 2111 reditibus
1075 2030 1181 2109 auxit
1210 2029 1408 2108 Bertoldus
1434 2028 1499 2105 Pa-

144 2130 308 2211 triarcha
320 2130 592 2231 Aquileiensis,
613 2133 733 2212 Priori
760 2133 798 2212 8(
820 2134 1014 2213 Fratribus
1035 2130 1242 2234 Hospitalis
1267 2129 1433 2229 ejusdem
1454 2126 1501 2207 li·

145 2234 232 2315 bore
259 2231 497 2331 concedens,
521 2256 565 2313 ut
590 2231 764 2313 incuria
785 2228 1003 2314 drMedulo
1028 2235 1079 2313 δ’
1108 2232 1154 2313 de
1173 2224 1337 2310 Medulis
1356 2229 1395 2307 in
1416 2252 1497 2328 per·

136 2356 290 2432 petrium
315 2328 422 2433 ligna
439 2357 508 2515 fro
527 2334 611 2436 foco
639 2328 689 2413 ad
713 2358 797 2449 opus
815 2334 870 2416 O*
889 2333 1156 2440 sufficientiam
1183 2330 1276 2412 diui
1295 2328 1499 2432 Hospitalis

143 2434 292 2536 bosram
308 2431 558 2535 compulere,
582 2438 634 2517 si*
659 2460 820 2538 accipere
845 2439 1020 2541 possent.
1048 2438 1231 2516 Praeterea
1257 2434 1400 2535 mensos
1426 2458 1500 2511 om·

140 2563 202 2616 nes
222 2539 312 2639 fiens
338 2537 377 2613 in
397 2533 497 2617 Villa
528 2536 584 2643 de
605 2548 718 2619 Cruee
743 2536 1085 2638 compertinentiis
1120 2537 1169 2618 (7
1189 2534 1336 2634 juribus
1362 2558 1500 2613 eorum·

40 2677 42 2680 ·
140 2636 225 2716 dem
253 2635 373 2717 Priori
398 2638 447 2718 (J
467 2638 657 2720 Fratribus
681 2639 894 2737 memoraris
919 2641 1103 2743 conceffit.
1130 2637 1300 2718 Bertoldi
1327 2634 1496 2715 donario

141 2764 233 2819 nem
260 2740 466 2841 Gregorius
492 2741 533 2820 in
558 2742 805 2823 Patriarcbali
832 2744 926 2821 Sede
953 2743 1196 2820 immediatus
1223 2738 1334 2841 ipsius
1361 2737 1499 2816 succes·

142 2841 203 2921 sor
231 2841 406 2922 Veneriis
432 2844 571 2944 degens
607 2852 842 2945 ann01256.
869 2843 1102 2943 amplissimis
1140 2842 1276 2920 litteris
1302 2839 1501 2919 confirma·

139 2942 219 3061 vit,
245 2969 338 3142 oga?
371 2943 634 3026 Patriarchalis
661 2945 772 3047 sigilli
797 2943 998 3049 pendentis
1025 2942 1121 3043 juffir
1149 2940 1365 3021 munimine
1391 2941 1498 3019 robo

142 3068 217 3122 rarr
345 3104 354 3123 .

190 3146 232 3227 Si
244 3050 493 3243 (conjediuras
514 3166 662 3246 captare
686 3146 804 3238 licet,
830 3145 1055 3226 crediderim
1065 3139 1361 3222 Xenodochium
1373 3132 1499 3217 hocin

140 3247 216 3326 suis
244 3245 410 3349 exordiis
426 3272 503 3424 ‘pro
529 3246 690 3327 infirmis
717 3249 753 3326 8(
779 3248 1005 3350 pauperibus
1033 3245 1227 3345 utriusque
1263 3243 1370 3321 sexus
1397 3237 1499 3354 insti-

140 3368 274 3426 tutum
303 3344 423 3426 Cruci
440 3372 591 3427 erorum
628 3349 807 3451 regimini
834 3348 937 3428 suilse
963 3345 1171 3447 subjeetum
1194 3403 1203 3421 .
1241 3342 1294 3423 At
1317 3364 1501 3442 temporis

142 3448 251 3549 lapsu
275 3447 490 3529 imminutis
511 3448 657 3530 sortasse
668 3451 851 3531 reditibus
871 3451 964 3532 solas
984 3450 1163 3529 mulieres
1186 3442 1354 3561 excepit.
1382 3439 1501 3542 Quod

144 3550 232 3630 sola
259 3549 439 3630 mulieres
476 3550 517 3629 in
544 3578 591 3633 eo
617 3555 797 3654 degerent
824 3554 925 3633 circa
961 3552 1132 3632 medium
1157 3548 1294 3628 Saecult
1316 3567 1377 3622 xv.
1396 3560 1501 3644 patet

146 3676 192 3732 ex
219 3650 381 3752 antiquo
404 3652 663 3751 documento,
688 3682 765 3757 quo
791 3654 1008 3733 Ludovicus
1035 3654 1080 3730 de
1108 3647 1296 3730 Dardanis
1322 3645 1502 3723 Procura·
1629 3658 1633 3663 ’

149 3773 209 3833 tor
248 3753 287 3831 8(
314 3753 489 3835 Sindicus
513 3756 699 3837 Coenobii
725 3755 1019 3836 Cruciserorum
1047 3753 1197 3831 absente
1238 3746 1429 3827 Matthaeo
1456 3745 1501 3822 de

152 3853 397 3933 Cremaschis
423 3859 603 3936 Generali
630 3857 784 3937 Ordinis
812 3857 939 3937 Priore
968 3853 1222 3935 Armellinam
1249 3852 1294 3930 de
1322 3844 1505 3962 Aragoni·

35 4048 36 4051 p
148 3956 217 4035 bus
246 3952 442 4035 honestam
479 3957 516 4034 8(
541 3960 643 4059 piam
671 3958 872 4038 mulierem
909 3960 949 4036 in
979 3955 1188 4034 Priorissam
1227 3949 1421 4052 hospitalis
1447 3973 1504 4024 rn-

148 4053 271 4135 stituit
298 4054 523 4157 quibusdam
560 4059 711 4155 adjedlis
736 4060 943 4163 capitulis,
979 4058 1025 4136 ad
1051 4083 1133 4159 qua
1169 4050 1399 4135 observanda
1437 4072 1530 4162 pro·

150 4156 307 4237 meliori
335 4157 445 4259 ipsius
457 4157 664 4259 Hospitalis
684 4163 1074 4263 gubernioceneretur
1101 4159 1209 4259 (D).
1237 4148 1505 4262 Suppreslisrn3

150 4257 196 4337 de
217 4259 440 4358 Crucigeris
467 4261 730 4343 Procuratores
749 4267 801 4342 D.
824 4264 951 4344 Marci
977 4262 1140 4341 tutelam
1167 4259 1205 4336 8(
1231 4257 1400 4365 regimen
1429 4249 1505 4362 loct

147 4361 443 4462 assumpserunt,
469 4387 633 4463 cumque
659 4389 706 4444 eo
732 4386 903 4466 tempore
930 4366 1102 4443 saeuireot
1130 4357 1254 4451 bella,
1280 4355 1416 4432 Vidurs
1436 4373 1504 4427 mr·

148 4459 268 4541 lirum
294 4463 438 4546 alendis
465 4464 716 4547 destinarunt.
743 4466 884 4547 Nostro
913 4466 986 4544 hoc
1014 4487 1095 4543 avo
1123 4459 1206 4538 aliis
1226 4454 1341 4538 etiam
1366 4449 1505 4647 nggliej

245 4610 248 4619 Δ
1346 4581 1377 4633 rs
1433 4576 1449 4628 s
1487 4618 1492 4629 ,
