3850 5342
483 454 632 539 Ortu
663 420 1117 545 Cnucrrunonurr
1149 449 1257 535 &cs
1349 560 1352 566 .
1381 452 1465 562 187

242 694 245 697 Δ
277 600 358 688 Sub
380 605 461 787 <ejus
485 602 673 705 regimine
698 598 798 684 obiit
822 622 959 704 magna
985 619 1074 680 cum
1100 598 1307 710 sanititatir
1331 598 1428 682 sama
1450 607 1525 684 Arr-

407 733 484 789 reas
512 705 740 807 Alcenago,
765 706 913 808 dequo
939 728 1010 805 pro
1033 702 1114 801 ejus
1137 701 1179 783 in
1206 702 1339 785 urbem
1365 702 1528 786 nostram
1563 759 1568 769 x

370 807 525 891 meritis
552 805 664 890 liceat
689 806 788 888 mihi
814 832 934 909 pauca
958 804 1038 885 hare
1064 830 1253 906 apponere
1285 803 1381 908 grati
1408 806 1557 888 animi·
1613 830 1617 843 ⁴

263 970 267 975 -
379 930 698 993 monumentum.
742 955 744 958 ·
1160 1004 1164 1009 Δ

279 1007 449 1094 Andreas
475 1012 671 1113 Alcenago
696 1008 861 1090 Veronae
892 1035 981 1089 ann.
1006 1014 1073 1108 165
1083 1032 1114 1088 r.
1150 1003 1274 1088 nobili
1300 1034 1438 1110 genere
1464 1034 1529 1089 na·

379 1115 568 1196 cordedie
595 1135 736 1194 nomen
760 1109 944 1192 Societati
962 1113 1065 1190 Arm,
1091 1116 1193 1204 1670.
1222 1108 1306 1188 Post
1331 1109 1532 1191 humanior
1624 1188 1626 1193 ⁴

343 1312 346 1316 A
376 1242 438 1298 res
454 1271 468 1313 ,
483 1216 531 1303 „dc
556 1212 762 1299 severiores
787 1210 936 1294 litterar
961 1210 1164 1307 Placentiae
1189 1208 1371 1297 Bononiae
1395 1212 1530 1292 Romae

286 1382 287 1385 a
380 1314 424 1399 iu
445 1318 595 1398 Scholis·
620 1313 797 1412 traditas,
823 1310 1041 1396 Miffionem
1063 1310 1110 1392 ad
1131 1312 1265 1409 lndo's,
1291 1337 1404 1414 quam
1417 1312 1531 1393 toties

381 1414 493 1521 enixe
515 1416 789 1520 postulaverat,
813 1414 921 1497 laetus
945 1412 1101 1496 tandem
1125 1410 1317 1497 obtinuit.
1343 1411 1416 1495 Sed
1427 1410 1534 1499 dum

385 1522 546 1621 Januam
572 1519 747 1623 festinans
772 1518 904 1615 venit,
929 1540 971 1598 ut
999 1514 1129 1596 navim
1155 1513 1403 1615 conscendat,
1427 1516 1528 1599 hanc

383 1640 495 1723 portu
517 1618 660 1699 solvisse
673 1620 806 1700 dolens
826 1613 1037 1735 intelligit,
1062 1618 1152 1698 Fuit
1173 1616 1253 1696 haec
1274 1616 1429 1717 provida
1451 1620 1535 1696 Nu·

382 1720 500 1802 minis
536 1719 726 1822 disposrtio
746 1742 804 1821 ut
831 1716 1004 1800 Venetrae
1037 1720 1178 1818 septem
1214 1718 1375 1819 integris
1408 1717 1532 1798 lustrir
1586 1768 1588 1773 ,
1683 1778 1692 1787 ,

378 1842 473 1924 quot
485 1819 581 1903 vixit
595 1838 701 1903 tanto
711 1822 797 1902 viro
806 1821 1033 1924 gauderent.
1061 1816 1532 1921 Philosophiam&Theo·

380 1923 524 2025 logiam
552 1922 719 2027 primum
745 1923 912 2020 docuit,
945 1918 1138 2024 discipulis
1170 1916 1317 2035 ingenii
1343 1920 1532 2000 excellen-

379 2024 456 2123 tia,
472 2027 520 2104 ·&
547 2048 698 2104 morum
726 2022 976 2104 sandlimonia
1001 2049 1106 2125 aeque
1129 2020 1400 2102 admirandus,
1427 2021 1534 2099 Tum

376 2124 602 2228 Evangelici
614 2124 789 2228 Operarii
810 2121 943 2221 munia
964 2122 1228 2305 obirecoenpit,
1246 2122 1436 2225 inquibus
1454 2146 1534 2203 orn·

286 2243 290 2249 ’
380 2226 491 2307 nium
512 2223 580 2307 reli
609 2228 770 2319 iosarum
798 2224 987 2315 virtutum
1007 2226 1126 2327 ampli
1155 2252 1231 2304 rma
1252 2224 1425 2328 exempla
1446 2249 1533 2326 prar-

382 2325 487 2426 buit.
514 2324 550 2409 Ᾱ
580 2331 713 2410 rduum
739 2328 780 2409 in
806 2325 877 2409 illo
903 2329 1101 2411 Orationis
1127 2325 1291 2407 studium
1311 2320 1353 2407 in
1374 2351 1447 2427 qua
1468 2352 1533 2404 no·

383 2429 461 2511 cles
481 2432 644 2532 integras
665 2432 915 2534 tranfigebar,
939 2454 986 2512 ex
997 2457 1070 2532 qua
1089 2426 1325 2510 intimarum
1338 2429 1427 2509 Deo
1445 2453 1537 2508 con·

383 2533 627 2631 versatione,
665 2557 770 2615 tanta
796 2556 875 2614 erat
900 2535 1032 2613 vultus
1066 2532 1105 2611 dc
1129 2531 1334 2613 affedluum
1360 2531 1533 2609 constans

382 2630 661 2739 tranquillitas,
685 2656 728 2714 ut
756 2658 805 2717 ne
830 2634 916 2715 leve
940 2635 1096 2736 quidem
1122 2628 1387 2715 commotioris
1412 2629 1533 2727 animi

382 2756 431 2815 ne
457 2737 548 2815 dum
575 2735 783 2838 perturbati
807 2736 957 2837 srgnum
986 2762 1156 2839 unquam¹
1175 2729 1356 2816 ediderit.
1381 2732 1536 2812 Cando«

380 2858 461 2917 rem
489 2834 638 2918 smeera·
658 2834 823 2934 mentis,
847 2836 1108 2915 demillronem
1136 2836 1305 2917 hominis
1331 2834 1397 2914 fibi
1419 2833 1535 2935 despi·
1640 2925 1642 2928 y
1696 2894 1701 2903 ,

359 2935 592 3045 (carissimi,
630 2936 908 3041 benignitatem
933 2937 1108 3016 adversus
1133 2962 1265 3015 omnes
1290 2935 1332 3014 in
1369 2932 1449 3036 ipso
1474 2960 1535 3013 oc·

381 3042 492 3121 cursu
518 3033 794 3140 praeseferebat,
818 3041 925 3135 Cum
948 3037 1090 3118 infimis
1114 3038 1342 3154 pauperibus
1365 3034 1534 3114 libentis-

383 3134 475 3219 stme
500 3136 752 3238 versabatur,
786 3164 997 3241 eorumque
1034 3136 1255 3241 suscrpiebat
1281 3136 1451 3232 causas,
1495 3135 1533 3213 8<

381 3236 584 3340 egestatem
595 3264 819 3342 quacunque
831 3243 944 3357 pollet
957 3236 1104 3320 ratione
1117 3236 1413 3335 sublevabat,ita
1425 3258 1467 3316 ut
1479 3235 1533 3317 di·

388 3342 618 3423 xiss'erillum
632 3363 703 3446 prae
715 3338 899 3424 mendrcis
920 3340 1113 3445 negligere
1124 3342 1287 3439 divites,
1312 3339 1403 3420 licet
1422 3366 1443 3417 a
1454 3363 1558 3441 proc

312 3522 314 3526 .
383 3437 537 3533 ceribus
556 3447 618 3524 vel
629 3444 822 3548 expiandae
842 3445 1105 3546 conscientiae,
1130 3446 1192 3524 vel
1203 3440 1426 3544 exquirendi
1446 3454 1556 3519 conr

381 3538 455 3627 filii
483 3547 593 3629 causa
617 3541 791 3627 certatim
819 3568 1058 3649 expeteretur
1077 3600 1089 3647 ·,
1107 3550 1220 3646 ‘Quo
1254 3543 1374 3624 rarius
1407 3563 1536 3621 tamen

382 3648 586 3729 Procerum
614 3646 759 3743 terebat
785 3648 944 3746 limina,
970 3673 1017 3726 eo
1034 3648 1182 3745 majore
1197 3644 1354 3726 illorum
1373 3644 1539 3725 benevo-

385 3744 506 3865 lentia
531 3752 817 3848 celebrabatur,
842 3750 984 3852 vixque
1010 3749 1194 3828 credibile
1219 3746 1271 3826 est
1292 3750 1478 3851 'quantam
1489 3746 1537 3824 ab

384 3846 519 3931 iisdem
548 3849 715 3955 pecuniae
742 3853 823 3932 vim
849 3852 953 3932 uitro
978 3850 1105 3931 datam
1131 3850 1404 3929 adlevandam
1430 3872 1538 3949 egen·
1595 3932 1597 3935 ,

388 3946 563 4031 tiumino
592 3954 668 4035 iarn
680 3956 779 4036 colle
806 3950 899 4033 erit.
926 3955 1091 4033 Carcer'e
1118 3954 1322 4048 detentor,
1347 3949 1541 4028 &adTri-

388 4048 527 4133 remim
554 3982 752 4137 damnatos
777 3980 844 4135 dbi
872 4076 945 4158 prae
971 4054 1117 4135 caeteris
1151 4052 1334 4153 juvandos
1360 4046 1540 4149 delegit,
1565 4122 1568 4129 .

390 4150 766 4259 &quantoquirque
787 4151 1054 4255 facinorosior,
1078 4157 1117 4234 &
1142 4152 1323 4258 perditior
1333 4173 1432 4246 erat,
1460 4171 1540 4227 tan·

386 4272 431 4337 to
456 4258 567 4339 illum
593 4256 916 4361 compledlebaror
940 4252 1160 4338 amantius.
1187 4251 1367 4353 Contigit
1394 4273 1435 4328 ut
1463 4249 1540 4350 pes-

282 4440 306 4459 „
389 4352 504 4439 limus
529 4384 586 4453 err¹
603 4360 681 4443 illis
705 4360 851 4462 alapam
879 4356 920 4439 in
940 4358 1020 4459 ejus¹
1046 4352 1183 4439 faciem
1204 4355 1429 4457 impingeret
1455 4351 1549 4467 nul.

388 4452 426 4538 la
451 4460 524 4545 alia
549 4458 595 4552 de
622 4462 730 4546 causa
756 4460 825 4545 nili
844 4459 934 4564 quia
954 4460 1219 4643 eleenxrfinam
1245 4456 1288 4538 in
1307 4452 1540 4635 aliosdetram

1102 4587 1125 4642 a
1177 4589 1199 4640 r
1425 4581 1492 4636 tvt-
