3850 5342
503 412 561 479 to
722 396 802 480 Da
835 398 1216 479 Mounsranro
1246 395 1284 478 S
1318 394 1512 481 Manita

438 546 758 631 manutenent
768 546 939 628 Venetus
951 545 1173 626 Monasterii
1194 547 1229 625 S.
1243 546 1382 628 Merite
1392 545 1640 627 Venetiarum
1662 545 1780 626 alum·

437 673 511 732 nus
535 651 580 727 ad
601 648 758 726 Cretam
780 647 947 729 Insulam
969 646 1254 750 universamque
1276 649 1460 729 Gratiam
1472 646 1777 731 VicariusGene·

436 752 529 832 ralis
554 746 763 847 adlegitur,
788 774 866 850 quo
891 749 933 828 in
959 773 1115 828 munere
1136 750 1263 829 Cretae
1288 750 1387 831 obiit
1411 749 1555 829 ibidem
1582 749 1624 829 in
1650 746 1777 826 Sancti

436 848 545 930 Pauli
558 846 793 929 Monasterio
819 850 1048 929 tumulatus.
1074 849 1262 932 Constans
1287 850 1386 931 sama
1411 851 1486 948 est,
1506 852 1655 931 Fratres
1666 846 1777 926 Ordi-

395 1012 398 1017 a
434 947 496 1028 nis
514 948 719 1029 Servorum
745 949 859 1050 usque
885 951 931 1028 ad
957 950 1237 1053 lacrymandum
1258 952 1384 1057 Regni
1405 950 1594 1032 Cretensis
1619 948 1777 1031 invasio·

434 1072 527 1129 nem
554 1049 595 1129 in
615 1077 663 1130 eo
683 1049 878 1130 Coenobio
902 1052 1163 1154 perseverasse.
1190 1054 1315 1136 Modo
1341 1079 1432 1136 vero
1450 1055 1696 1133 adveneram
1707 1050 1779 1129 Ec·

435 1149 588 1230 cleliam
615 1173 868 1231 revertamur.

486 1251 549 1329 Ad
576 1250 686 1354 ipsius
707 1251 881 1333 Ecclesia
900 1251 1212 1356 aedificationem,
1263 1281 1352 1337 uam
1371 1254 1625 1360 spiritualibus
1646 1248 1777 1353 gratiis

432 1350 586 1469 egregie
611 1373 852 1469 promoverat
876 1354 1041 1455 Joannes
1061 1282 1263 1459 Caravajai
1282 1359 1316 1438 S.
1337 1362 1384 1439 R.
1406 1360 1452 1439 Ε.
1474 1355 1776 1465 tituloS.Ange3

432 1452 464 1532 lt
483 1454 678 1532 Draconus
697 1453 913 1537 Cardtnalis
933 1460 1091 1539 Ordinis
1113 1459 1376 1541 Proteuordie
1398 1457 1598 1538 undecima
1615 1451 1778 1554 Augullt

429 1553 549 1632 Anno
576 1553 820 1633 Mccccutrt.
856 1555 1009 1640 statutas
1034 1561 1241 1641 criminum
1267 1560 1517 1640 relaxationes
1543 1556 1778 1655 indulgens,

428 1650 444 1750 (
466 1653 494 1729 Ι.
515 1652 531 1748 l
558 1654 683 1732 Patres
703 1654 932 1740 Conventus
961 1661 1108 1740 ardenti
1139 1661 1259 1740 studio
1285 1661 1440 1739 solliciti
1466 1663 1598 1738 uberes
1625 1655 1777 1757 piorum

429 1752 687 1854 eleemosynas
707 1779 754 1832 ex
778 1756 927 1873 integro
949 1760 1066 1839 setme
1088 1762 1353 1856 traduxerant,
1379 1760 1540 1858 indeque
1561 1756 1701 1835 sodium
1723 1749 1776 1831 est

432 1873 478 1934 ut
505 1852 716 1933 domesticis
740 1858 949 1939 acrioribus
975 1882 1204 1940 vexarentur
1228 1858 1431 1961 angustiis,
1456 1858 1503 1934 ad
1528 1878 1620 1955 quas
1646 1853 1776 1952 aliqua

429 1974 478 2031 ex
504 1970 606 2055 parte
642 1954 887 2037 sublevandas
909 1962 1040 2041 Petrus
1061 1960 1275 2041 Cardinalis
1302 1958 1453 2038 Riarius
1479 1954 1576 2035 Sixri
1600 1956 1668 2061 Ν.
1696 1955 1775 2027 Ne·

427 2076 496 2151 pos
521 2053 558 2132 dt
584 2054 626 2133 in
652 2074 732 2136 tota
757 2056 833 2136 sere
861 2061 972 2140 ltalia
1001 2064 1054 2139 Le
1084 2083 1165 2142 atus
1196 2056 1405 2140 Prioratum
1430 2067 1467 2135 S.
1488 2051 1701 2135 catharina
1728 2046 1775 2127 de

424 2146 554 2249 Insula
566 2152 891 2259 Jnstimpolt'tana
911 2086 1087 2261 Dioeceffs
1106 2158 1254 2260 Ordinis
1273 2170 1310 2239 S.
1332 2153 1525 2239 Beneaittt'
1550 2174 1615 2256 pet
1644 2149 1771 2266 cessio·

427 2273 520 2329 nem
546 2253 584 2331 δι
609 2258 932 2342 rerumtiationem
955 2263 1156 2342 Dominici
1179 2260 1374 2341 Pavonelll
1395 2255 1541 2337 Clerici
1564 2256 1736 2332 Patavini
1758 2303 1773 2346 ,

429 2373 520 2430 eum
545 2359 871 2441 commendatario
908 2364 1025 2443 titulo
1052 2362 1268 2472 possidentis
1303 2377 1503 2440 vacantem
1530 2352 1670 2435 Ordini
1693 2353 1772 2430 Ser·

425 2451 620 2562 votumde
636 2451 822 2566 religionis
833 2457 940 2560 zelo,
960 2458 1081 2564 stadio
1093 2460 1364 2573 scientiarum,
1380 2454 1479 2559 fidei
1489 2451 1693 2567 orthodoxa
1695 2449 1772 2552 fin·

424 2572 601 2648 terttate,
623 2546 775 2654 altasque
797 2559 984 2639 vittatam
1005 2559 1150 2641 tnetttit
1173 2558 1465 2654 commendato,
1490 2553 1772 2637 cumommbus

423 2650 498 2768 suis
533 2649 748 2768 studiibus,
784 2659 1031 2742 &reditibus
1063 2662 1296 2744 authoritate
1333 2658 1552 2761 Apostolica
1588 2670 1771 2757 perpetuo

422 2750 615 2868 adjunxit,
640 2759 931 2864 membrumque
943 2763 1033 2843 diui
1043 2763 1202 2843 Ordinis
1212 2761 1354 2844 censeri
1365 2754 1768 2855 constituit-obligoato

423 2854 599 2934 Venettis
624 2855 847 2960 Diplomate
873 2890 976 2943 anno
1001 2864 1205 2944 millefimo
1229 2859 1599 2966 quadringentefimo
1626 2857 1769 2956 septua·

421 2953 563 3053 gesimo
588 2957 705 3038 tertio
730 2961 791 3042 die
817 2965 982 3065 septima·
1001 2965 1136 3045 mensis
1157 2964 1335 3045 Odiobris
1357 2964 1599 3154 fflflgefim

471 3054 735 3165 Annodtlndo·
754 3062 958 3165 mstIng
995 3064 1336 3177 uadringentefimo
1564 3151 1572 3165 ·
1599 3072 1772 3230 ⁰2⁰²&

418 3148 616 3232 Romanus
628 3149 802 3230 Pontifex
819 3152 975 3230 Status]
1015 3210 1025 3228 .
1187 3146 1623 3254 us‘Eitsefiathesanrtsi
1660 3147 1769 3231 etalt-

421 3274 479 3331 ter
490 3248 645 3330 induitis
654 3250 1048 3332 sabrieaeinctementa
1059 3254 1295 3357 summopere
1306 3254 1471 3354 adjuvit:
1492 3254 1767 3357 cupientenim

398 3406 399 3410 κ
420 3347 606 3432 Ecclestas
625 3350 866 3432 Sanuiffimae
887 3350 965 3433 Dei
986 3353 1194 3437 Genitrieis
1216 3354 1387 3457 Virginis
1414 3354 1585 3452 Maria,
1610 3383 1699 3454 quas
1725 3350 1769 3431 in

382 3548 384 3551 ¹
419 3478 543 3532 eorum
573 3448 739 3554 adt'ficiit
749 3452 936 3555 suffragiis
983 3451 1123 3536 delium
1142 3479 1361 3555 magnopere
1388 3450 1552 3551 indigere
1577 3474 1767 3553 cognove-

418 3573 502 3651 tat,
526 3578 668 3655 eoquo
694 3573 838 3658 poterat
865 3580 930 3637 mo
956 3584 981 3637 o
1006 3559 1217 3660 adjuvare,
1248 3555 1544 3650 remissionum,
1569 3554 1619 3632 Θ*
1645 3548 1766 3633 indal-

412 3652 626 3751 gentimttm
651 3681 713 3734 eat
731 3652 875 3761 studuit
898 3661 1066 3739 decoram
1091 3654 1320 3753 ntnnetibns,
1346 3676 1386 3734 ut
1408 3653 1492 3765 ipsis
1509 3651 1763 3753 reparatione,

419 3757 471 3834 dl
497 3752 760 3860 instauratione
795 3754 1057 3859 indigentibus
1072 3781 1142 3857 per
1156 3751 1290 3860 fideles
1316 3749 1500 3835 auxilinm
1526 3776 1766 3854 opportunum

418 3850 717 3953 impenderetur.
746 3860 982 3963 Propterea,
1007 3885 1096 3942 cunt
1123 3860 1158 3938 ei
1186 3857 1441 3955 innotuisset,
1476 3860 1578 3961 quod
1603 3850 1765 3956 Capella

416 3956 574 4054 majores
598 3955 763 4062 asclepa
787 3969 831 4041 Β.
849 3960 985 4041 Maria
1004 3956 1151 4038 Ordinis
1167 3967 1364 4038 savorem
1383 3957 1618 4039 tsenniarum
1637 4013 1651 4055 ,
1683 3985 1765 4057 qttae

415 4053 517 4136 inter
540 4054 636 4139 alias
659 4053 838 4164 Ecclefiar
866 4058 973 4140 dieta
997 4057 1179 4140 Civitatis
1214 4059 1412 4164 magnifice
1433 4059 1627 4164 fabricata
1653 4080 1765 4159 atque

416 4157 537 4245 masia
561 4184 665 4261 erat,
682 4162 771 4261 jam
787 4157 959 4263 fandata
979 4182 1089 4261 atque
1107 4155 1265 4242 elevata
1275 4163 1408 4267 offeni,
1432 4161 1484 4241 Θ
1502 4158 1664 4241 nondum
1687 4183 1762 4268 ver·

408 4253 542 4357 stile,
564 4264 782 4362 quinimmo
808 4259 860 4340 ad
879 4256 966 4341 illas
977 4259 1244 4364 perficiendas,
1271 4259 1573 4367 atqneotnandes
1581 4258 1663 4363 fide
1680 4282 1759 4367 tum

409 4355 596 4466 saffiagiir
612 4358 994 4465 plainam-indigere
1010 4365 1252 4469 noscerem,
1278 4389 1321 4451 ut
1340 4395 1381 4451 eo
1399 4360 1576 4448 libentius
1590 4357 1759 4469 deamo·

878 4526 884 4531 .
1275 4534 1278 4535 a
1644 4484 1704 4542 ms
