3850 5342
491 352 548 417 ro
708 330 789 417 De
821 335 1204 418 Mounsrunro
1236 333 1274 418 S.
1308 332 1503 419 Mxxtn

426 482 746 568 sannuscrrciaa
756 486 927 565 Venetus
940 485 1163 565 Monasterii
1184 487 1219 565 S.
1233 485 1372 566 Maria
1383 483 1632 565 Veneriorum
1654 483 1774 565 alum·

367 676 372 681 ,
425 610 497 670 nus
522 588 568 665 ad
588 586 747 666 Cretam
769 586 935 668 Insulam
957 585 1244 690 universamque
1266 587 1451 667 Gratiam
1463 584 1770 667 VicariusGene·

424 689 517 770 ralis
543 680 752 788 adlegitur,
777 713 855 790 quo
880 688 922 768 in
949 713 1106 768 munere
1127 690 1254 769 Creta
1279 688 1378 768 obiit
1402 686 1547 766 ibidem
1575 686 1617 766 iu
1642 685 1770 765 Sandi

425 788 535 869 Pauli
549 788 782 869 Monasterio
809 790 1039 870 tumulatus.
1065 789 1252 872 Constans
1278 789 1378 869 sama
1401 788 1478 887 eli,
1499 789 1646 868 Fratres
1658 785 1770 866 Ordi-

384 950 388 957 .
424 888 486 969 uis
504 890 708 970 Servorum
734 890 849 991 usque
876 892 922 970 ad
947 891 1228 993 lacrymandam
1249 890 1375 995 Regni
1396 889 1586 970 Cretenfis
1612 887 1770 972 invasio·

425 1014 517 1070 nem
544 990 585 1071 in
606 1018 653 1071 eo
672 989 869 1073 Coenobio
894 993 1155 1096 perseverasse.
1182 993 1307 1074 Modo
1333 1018 1424 1074 vero
1442 994 1688 1072 adveneram
1700 989 1772 1068 Ec·

426 1090 578 1171 eleslam
605 1113 860 1172 revertamur.

477 1194 540 1270 Ad
567 1191 677 1294 ipsius
698 1193 873 1275 Ecclesia:
891 1192 1204 1295 aedificationem,
1254 1220 1344 1275 uam
1363 1192 1617 1297 spiritualibus
1638 1187 1769 1292 gratiis

423 1291 577 1409 egregie
603 1315 844 1394 promoverat
868 1296 1033 1397 Joannes
1052 1221 1254 1399 Caravajai
1272 1297 1308 1375 S.
1329 1300 1376 1377 R.
1398 1299 1444 1378 Ε.
1466 1295 1583 1375 titulo
1594 1294 1630 1372 S.
1641 1296 1769 1404 Ange3

422 1392 454 1472 11
474 1395 670 1474 Diaconus
689 1395 905 1477 Cardinalis
925 1400 1083 1479 Ordinis
1105 1397 1368 1479 Proreuordie
1390 1395 1590 1477 undecima
1607 1390 1770 1493 Augullr

421 1495 541 1574 Anno
568 1496 813 1575 Mccccuur.
848 1496 1001 1579 statutas
1026 1500 1234 1579 criminum
1259 1499 1509 1579 relaxationes
1535 1496 1770 1594 indulgens,

420 1592 435 1691 (
458 1596 486 1672 Ι.
507 1595 523 1691 l
550 1597 675 1676 Patres
696 1598 924 1680 Conventus
954 1600 1100 1679 ardenti
1131 1601 1253 1679 studio
1278 1599 1432 1680 solliciti
1458 1602 1591 1678 uberes
1618 1594 1769 1696 piorum

420 1692 679 1797 eleemosynas
699 1721 747 1775 ex
770 1698 920 1799 integro
941 1700 1059 1779 ferme
1080 1701 1345 1795 traduxerant,
1372 1700 1533 1797 indeque
1554 1695 1694 1806 sosium
1715 1688 1768 1770 est

422 1814 468 1873 ut
494 1796 708 1876 domesticis
733 1799 942 1878 acrioribus
968 1821 1197 1879 vexarentur
1220 1797 1424 1899 angustiis,
1448 1797 1496 1873 ad
1520 1817 1613 1893 quas
1638 1795 1768 1891 aquua

419 1914 470 1971 ex
496 1912 599 1995 parte
635 1895 880 1977 sublevandas
902 1901 1032 1980 Petrus
1053 1899 1268 1980 Cardiualis
1295 1897 1445 1977 Riarius
1471 1893 1569 1974 Sixti
1592 1894 1661 2000 IV.
1689 1893 1767 1965 Ne·

419 2016 489 2091 pos
514 1993 551 2072 δι
577 1995 619 2073 in
645 2014 725 2077 tota
751 1996 826 2076 sere
854 2000 964 2079 ltalia
994 2004 1047 2079 Le
1075 2022 1157 2081 atus
1189 1996 1398 2080 Prioratam
1422 2005 1459 2074 S.
1480 1990 1694 2074 Cerbereae
1719 1984 1767 2067 de

417 2086 547 2189 Insula
559 2092 884 2199 justinopolitanae
904 2026 1079 2201 Dioecefigs
1099 2098 1247 2201 Ordinis
1266 2107 1303 2178 5.
1325 2093 1517 2178 uena-aleb·
1543 2113 1608 2195 per
1637 2087 1764 2205 celii-o·

419 2214 513 2269 nem
539 2193 577 2271 8<
602 2198 925 2282 renuntiationem
948 2202 1148 2282 Dominici
1171 2199 1367 2281 Pavanelll
1388 2195 1534 2276 Clerici
1556 2195 1767 2285 Patavina,

422 2313 513 2369 eum
538 2299 864 2381 commendatario
901 2302 1018 2382 titulo
1045 2301 1261 2413 possidentis
1296 2317 1495 2380 vacantem
1522 2290 1662 2374 Ordini
1686 2292 1765 2369 Ser·

418 2392 613 2502 vorumde
629 2391 815 2507 religionis
826 2397 933 2500 zelo,
953 2398 1074 2504 studeo
1085 2400 1358 2513 stiantiaum,
1373 2388 1765 2506 fideionthodoxaſsn·

417 2513 594 2590 entrare,
616 2487 768 2595 aleasque
789 2499 977 2579 uirtutum
998 2499 1141 2582 inauris
1166 2499 1458 2595 commendato,
1482 2492 1765 2577 cumommbus

415 2590 491 2709 suis
525 2590 741 2709 fructibus,
777 2599 1024 2682 &reditibus
1056 2602 1289 2684 authoritate
1326 2598 1544 2701 Apostolica
1581 2612 1765 2697 perpetuo

415 2693 608 2809 adjunxit,
633 2699 924 2805 membrumque
935 2702 1027 2783 diui
1037 2701 1347 2784 Ordiniscenseri
1357 2693 1762 2795 constituit-obfignaro

416 2794 592 2875 Venettis
617 2796 840 2900 Diplomate
866 2828 969 2884 anno
994 2804 1198 2885 millesimo
1222 2798 1593 2906 quadringenrefimo
1617 2797 1763 2895 septua-

414 2892 556 2993 gesimo
581 2898 698 2978 tertio
722 2902 783 2983 die
809 2907 974 3007 septima·
992 2906 1128 2987 mensis
1150 2904 1327 2985 Odobris
1378 2903 1459 3001 K).

464 2995 728 3108 Annodeinde
747 3004 950 3108 mlllsslmo
988 3004 1301 3110 uadringentesrm
1525 3000 1630 3104 fimo,
1654 3010 1766 3105 uarro

410 3089 609 3174 Romanus
621 3092 794 3171 Pontifex
812 3095 968 3173 Status]
1009 3152 1018 3172 .
1181 3032 1580 3194 us‘Ee‘ciefiatbesanrus
1598 3016 1764 3170 siderali-

414 3189 637 3269 nenindnleis
646 3190 1042 3271 sabricaincrementa
1052 3194 1289 3292 summopere
1299 3193 1464 3294 adjuvit:
1486 3192 1762 3296 cupiensenim

413 3285 598 3370 Ecclesras
617 3288 858 3370 Sanaiffimae
880 3290 958 3370 Dei
980 3291 1187 3372 Genitricis
1210 3291 1381 3392 Virginis
1408 3292 1578 3391 Maria,
1603 3320 1693 3392 quas
1718 3288 1764 3369 in

412 3416 536 3470 eorum
565 3386 731 3492 adificiis
742 3390 929 3493 suffragiis
940 3386 1116 3492 fidelium
1135 3412 1355 3489 magnopere
1382 3388 1546 3488 indigere
1570 3412 1761 3491 cognove-

411 3513 495 3589 rat,
519 3517 567 3573 eo
583 3518 660 3594 quo
686 3511 831 3596 poterat
858 3493 974 3573 modo
999 3493 1211 3594 adjuvare,
1241 3491 1503 3572 remiffionum
1525 3545 1538 3588 ,
1563 3492 1613 3571 sl
1638 3487 1761 3573 indul-

405 3592 618 3690 gentiarum
643 3620 705 3672 eas
723 3588 868 3699 studuit
892 3597 1059 3676 decorare
1084 3591 1315 3691 nanninus,
1339 3615 1380 3673 ut
1403 3592 1486 3703 ipsis
1503 3589 1758 3692 reparatione,

412 3692 464 3773 (Ὗ
490 3691 753 3798 instauratione
788 3691 1051 3796 indigentibus
1066 3717 1135 3794 per
1150 3689 1285 3797 fideles
1310 3686 1494 3772 auxilium
1520 3714 1760 3792 opportunum

411 3790 710 3892 impenderetur.
740 3799 976 3899 Propterea,
1001 3824 1090 3878 cum
1117 3798 1152 3877 ei
1180 3796 1435 3891 innotuisset,
1471 3798 1572 3898 quod
1598 3789 1760 3894 Capella

409 3895 568 3994 majores
591 3892 757 3999 Ecclesta
781 3907 825 3977 Β.
843 3896 979 3979 Maria
999 3896 1145 3978 Ordinis
1161 3906 1358 3977 Servorum
1377 3895 1612 3977 naeniarum
1630 3951 1645 3994 ,
1677 3923 1759 3995 que

408 3993 510 4078 inter
534 3994 630 4078 alias
653 3991 832 4102 Ecclefiae
860 3997 968 4079 diora
991 3996 1173 4080 Civitatis
1208 3996 1406 4101 magnifiee
1427 3996 1621 4101 fabricata
1646 4018 1759 4097 aeque

410 4097 530 4185 mssa
555 4123 658 4200 nat,
676 4099 765 4199 jam
781 4098 954 4213 fundate
973 4124 1083 4201 atque
1101 4095 1259 4181 elevata
1269 4101 1403 4205 offena,
1426 4098 1478 4178 Θ
1496 4095 1756 4274 manaster-

402 4193 536 4295 fissa,
550 4202 778 4310 ⁹quinimmo
802 4201 855 4282 ad
874 4196 960 4282 ullas
972 4200 1238 4304 peficiendas,
1265 4224 1374 4304 atque
1383 4196 1567 4281 anandas
1575 4195 1657 4300 fide
1673 4220 1752 4305 earn

403 4294 590 4402 fiefflagar
607 4299 988 4403 plunimrtneindigere
1004 4305 1246 4407 nosceretur,
1272 4326 1315 4388 ut
1334 4332 1375 4388 eo
1394 4298 1570 4385 sisennius
1584 4294 1752 4407 devenio·

873 4468 878 4475 .
1638 4422 1698 4480 nte
