3850 5342
534 369 572 454 S.
633 367 1213 453 Snivnroiiis.
1395 396 1477 483 ²75

185 575 211 620 „
235 544 370 623 corpus
397 518 594 602 beatissimi
615 517 801 600 Leonardi
822 515 1053 599 Confclsoris
1079 518 1352 600 substiterunt:
1380 521 1445 600 ubi
1472 522 1538 601 ali·

185 677 211 721 „
234 622 403 725 quandiu
428 621 619 703 sustentati
645 621 894 723 eleemosynis
916 619 1228 720 Canonicorum,
1254 623 1295 701 in
1321 623 1442 721 loco,
1468 624 1535 726 qui

186 779 213 822 ,‚
239 724 494 805 adhucVet'us
514 723 665 827 Artigia
690 724 853 819 dicitur,
879 722 1076 803 consistere
1102 723 1323 828 elegerunt,
1351 723 1419 804 ubi
1448 752 1534 827 prae-

183 879 210 924 „
237 825 357 908 dicius
385 829 540 907 Marcus
565 827 787 907 Oratorium
815 824 881 904 sibi
908 824 1152 921 construxit,
1188 848 1360 928 quartam
1387 849 1533 928 partem

180 980 208 1024 „
234 929 346 1008 unius
371 927 477 1031 pariis
503 927 664 1030 siliginei
692 930 832 1008 habens
853 926 1023 1028 quotidie
1044 952 1065 1005 a
1086 927 1296 1006 Canonicis
1315 926 1535 1008 antediclic.

180 1081 208 1126 „
235 1030 317 1132 Qui
338 1032 495 1111 Marcus
522 1031 639 1110 lorica
668 1031 785 1109 serrea
811 1031 990 1127 indutui,
1016 1027 1252 1109 dieacnode
1278 1027 1451 1128 jejuniis,
1478 1030 1534 1108 vi·

172 1181 205 1226 ¹„
232 1130 356 1229 giliis,
383 1134 420 1211 8(
446 1131 530 1218 aliis
556 1132 688 1212 multis
716 1131 838 1211 modis
865 1157 1000 1232 corpus
1027 1132 1134 1209 suum
1156 1155 1245 1211 cum
1267 1133 1533 1232 concupiscen-

178 1282 204 1327 ‚‚
231 1231 293 1311 tiis
319 1232 528 1313 crucifixit.
558 1236 732 1313 Tandem
758 1251 975 1333 acceptante
997 1232 1171 1311 Domino
1199 1233 1363 1312 inbono
1385 1235 1532 1312 labores

179 1382 206 1427 ,‚
232 1333 348 1431 eiua,
379 1333 636 1416 Sebastianum
663 1335 902 1413 Sacerdotem
940 1355 1120 1434 nepotem
1148 1335 1256 1413 suum
1284 1333 1325 1412 in
1354 1333 1441 1415 loco
1466 1335 1535 1413 suo

174 1484 202 1528 „
227 1434 391 1530 dimisit,
417 1437 454 1515 8(
480 1433 623 1514 ibidem
650 1434 812 1516 feliciter
839 1437 878 1515 in
902 1435 1076 1526 Domino
1097 1434 1352 1516 obdormivit.

222 1587 252 1631 ,‚
280 1537 329 1614 ll.
358 1536 465 1617 Prior
491 1535 618 1619 extitit
646 1537 816 1638 praesatuc
838 1537 1093 1616 Sebastianus.
1126 1540 1196 1616 lll.
1207 1538 1359 1636 quidam
1372 1539 1431 1617 vir
1451 1535 1535 1614 fini·

172 1687 199 1731 „
224 1636 315 1736 plex
342 1640 379 1717 8(
405 1638 550 1735 retius,
575 1637 680 1738 cujus
707 1663 848 1719 nomen
875 1660 1011 1718 notum
1039 1639 1089 1718 esl
1108 1640 1179 1722 soli
1201 1641 1308 1717 Deo:
1335 1640 1400 1742 qui
1413 1637 1533 1735 cujus·

171 1788 198 1833 „
224 1738 314 1817 dam
336 1740 475 1821 Fratris
497 1740 704 1820 Furchardi
732 1740 888 1820 nomine
914 1739 1159 1820 contumeliis
1186 1739 1387 1834 irritatus,
1413 1763 1527 1839 atque

170 1890 196 1933 ‚‚
222 1837 410 1940 fugatus,
444 1843 485 1922 in
511 1842 648 1921 itinere
670 1841 796 1922 Sansii
829 1842 959 1942 Jacobi
987 1842 1106 1920 obiit.
1145 1844 1212 1919 IV.
1237 1839 1344 1918 Prior
1364 1843 1528 1941 Joannec

168 1991 194 2036 „
219 1948 415 2022 Nautoner
440 1945 485 2024 de
507 1943 638 2040 Axia,
674 1945 739 2045 qui
767 1944 933 2046 sepultus
964 1943 1015 2022 cll
1042 1944 1082 2020 in
1104 1942 1198 2022 ostio
1221 1937 1528 2044 CapeliaeSanui

166 2091 194 2136 ‚‚
219 2042 447 2143 laurentii,
473 2072 495 2123 a
521 2065 625 2146 parte
651 2045 824 2128 claustri.
852 2047 900 2123 V.
913 2045 1045 2124 Helias
1067 2044 1112 2123 de
1124 2046 1274 2140 Ηοηο,
1300 2041 1528 2122 devillaSo·

166 2193 194 2238 „
220 2142 488 2225 lemniacensi.
517 2146 640 2245 Hujus
666 2167 836 2250 tempore
858 2146 1084 2328 ipuibusdam
1106 2144 1316 2225 murtrariis
1338 2144 1527 2224 inOrato

169 2295 198 2341 „
223 2243 285 2323 rio
311 2248 358 2325 ab
386 2247 607 2329 hominibus
629 2249 744 2329 Villae
765 2250 870 2329 Nobi
891 2245 1044 2330 iacenfis
1070 2247 1230 2343 occisi,
1257 2246 1526 2326 transtulerunt

167 2397 196 2441 ‚,
223 2346 259 2426 se
286 2349 332 2426 ad
359 2349 512 2445 locum,
538 2350 578 2428 in
604 2374 682 2453 quo
709 2378 811 2432 nunc
838 2353 925 2431 sunt
947 2392 976 2448 ‚-
997 2349 1063 2451 qui
1090 2349 1212 2449 major
1232 2348 1382 2451 Artigia
1408 2347 1530 2429 nonii·

168 2497 195 2543 ‚‚
222 2469 357 2547 natur,
384 2453 504 2531 Dom·
523 2452 689 2534 Geraldo
711 2452 974 2534 Lemovicensi
995 2452 1183 2554 Episcopo
1211 2451 1401 2553 praeslante
1423 2448 1529 2530 auxi·

94 2558 101 2580 ‘
167 2599 195 2643 „
222 2549 318 2626 lium
346 2551 383 2627 8(
409 2551 595 2631 savorem.
623 2554 729 2633 Cum
756 2579 913 2656 corpora
938 2552 1151 2634 sonciorum
1176 2557 1328 2634 Parrum
1341 2553 1465 2632 Marci
1488 2551 1527 2630 8(

166 2701 196 2745 ,,
222 2650 428 2730 Sebastiani
454 2654 651 2733 transserrc
678 2654 856 2752 vellent,
891 2674 1005 2755 atque
1037 2655 1079 2733 in
1120 2655 1227 2733 bivio
1255 2669 1337 2754 non
1364 2655 1477 2754 longe
1503 2679 1526 2730 a

165 2799 194 2846 „
220 2749 322 2832 ditio
348 2753 435 2833 loco
461 2752 503 2833 in
530 2755 638 2834 strata
666 2755 818 2858 publica
844 2756 930 2835 casu
956 2755 1087 2853 aliquo
1112 2755 1336 2854 posuissent,
1363 2779 1441 2832 non
1462 2778 1525 2853 po

166 2905 193 2949 „
220 2872 376 2933 tuerunt
403 2855 491 2934 iude
518 2857 702 2938 nioveri.
740 2856 847 2937 Prior
874 2880 941 2958 por
966 2855 1224 2935 obedientiam
1262 2853 1436 2955 pracepit
1472 2851 1528 2931 cii

165 3005 192 3050 ‚‚
218 2957 321 3056 quod
347 2956 496 3037 abirent
522 2959 560 3037 8(
585 2957 746 3037 sinerent
773 2960 810 3036 se
838 2956 1003 3058 portari,
1028 2957 1066 3034 8(
1091 2954 1192 3055 quasi
1212 2954 1432 3033 verberibus
1455 2953 1528 3051 piis

164 3108 191 3152 ,‚
218 3055 373 3157 impulit
400 3086 465 3138 cos
493 3059 634 3159 virgisa
659 3061 725 3160 qui
755 3079 797 3137 ut
824 3058 895 3137 filii
922 3056 1150 3138 obedientia
1176 3054 1299 3134 statim
1327 3054 1525 3156 acquieve·
1558 3085 1562 3091 ·
1602 3149 1607 3154 ,

162 3209 189 3250 „
216 3177 341 3253 runt,
377 3161 414 3238 8(
441 3162 487 3239 ad
511 3161 648 3242 laevam
673 3158 817 3240 Altaris
843 3158 954 3239 simul
980 3156 1128 3239 conditi
1154 3158 1269 3237 sunt.
1307 3157 1384 3236 Hic
1413 3157 1520 3236 Prior

162 3307 193 3352 ‚‚
219 3258 352 3338 Helias
372 3260 579 3342 Ecclesiam
600 3260 833 3359 construxit,
860 3260 1147 3343 Dormitoriuni
1170 3280 1302 3356 vetur,
1328 3263 1526 3359 atqueRe-

163 3409 190 3453 ‚‚
217 3358 418 3442 sedorium
440 3390 452 3457 3
478 3363 544 3465 qui
570 3363 737 3465 sepultus
764 3363 883 3444 estin
913 3360 1080 3443 Ecclesia
1105 3361 1209 3460 juxta
1234 3360 1392 3461 gradum
1420 3360 1524 3439 Pres-

161 3509 188 3556 „
217 3462 384 3562 hyterii,
410 3467 455 3545 ad
482 3466 592 3566 pedes
620 3469 761 3547 tumbae
781 3464 1036 3566 Episcopalis.
1064 3465 1133 3541 Vl.
1147 3462 1254 3540 Prior
1265 3463 1315 3538 D.
1330 3461 1460 3539 Petrus
1472 3461 1520 3538 de

73 3572 122 3670 Χζ
160 3611 189 3655 n
216 3563 438 3645 Mantiaco:
466 3568 534 3646 sub
587 3592 637 3647 uo
658 3570 709 3645 D.
730 3567 940 3647 bernardus
966 3566 1011 3645 de
1039 3566 1208 3660 Savena,
1234 3561 1443 3662 Episcopus
1454 3563 1521 3638 Le·

160 3714 188 3756 „
216 3666 462 3765 montensis,
487 3668 534 3748 de
559 3594 712 3770 speciali
740 3668 898 3749 licentia
920 3666 1085 3746 Domini
1110 3667 1217 3765 Papae
1245 3663 1420 3742 habitum
1448 3663 1521 3739 Or·

33 3825 34 3828 t
161 3814 189 3858 n
217 3763 317 3843 dinis
344 3769 503 3868 Artigiae
529 3770 680 3867 induit,
706 3771 743 3849 8(
770 3768 1000 3884 τεεςρίῑ,8(
1026 3767 1067 3847 in
1094 3768 1228 3847 eodem
1257 3763 1390 3843 habitu
1419 3763 1521 3842 diem

162 3916 188 3959 „
216 3865 349 3945 clausit
375 3889 588 3949 extremum
615 3871 713 3972 apud
736 3870 973 3950 Avinioneni
1000 3867 1041 3948 in
1068 3866 1159 3948 sesto
1186 3868 1226 3977 Βτ
1250 3865 1386 3974 Maria
1413 3862 1522 3978 blag-

160 4017 188 4060 „
213 3968 357 4083 dalenae
374 3976 478 4049 1226.
505 3996 713 4074 corpusque
740 3974 818 4073 ejus
845 3972 1032 4072 sepultum
1059 3960 1390 4080 inornedrochort
1419 3966 1520 4041 Arti-

159 4069 359 4251 ”dmsli
375 4070 581 4188 ΜΨ
620 4076 799 4254 ”llll
825 4073 1082 4252 “illisi
1104 4063 1517 4245 distillata?

157 4221 189 4365 Z
218 4195 331 4347 Vrffii
349 4198 661 4386 sdrbgizlgulgedere
689 4194 980 4379 lsiliitribta⁰tiisrna·.
1006 4271 1072 4350 IX.
1083 4266 1293 4379 Bernardus
1320 4263 1365 4339 de
1381 4220 1521 4342 Saudo

164 4424 195 4466 „
218 4373 434 4471 Quintino.
472 4368 764 4449 X.Gu1llelmuc
784 4374 1004 4548 Galhaffiliffi
1026 4363 1524 4564 X21.Gurllclmui„dzucaro·
