3850 5342
504 388 558 493 56
705 376 788 461 De
820 346 1196 458 M‘ounssnero
1226 370 1267 455 S.
1300 376 1494 457 Mirm

298 598 302 603 .
416 531 576 634 'tifflma
594 523 750 607 Trinitd
779 522 825 604 de
844 522 942 601 Onnl
966 545 1086 602 utente
1105 519 1180 600 Dio
1211 520 1333 600 Padre
1361 528 1395 601 F
1396 513 1543 620 igliuolo
1577 519 1628 603 Ol
1646 520 1789 620 Spiritu

435 641 555 710 Samo
589 629 639 709 (Τ
665 621 765 706 della
795 620 912 722 glorio
928 625 1045 727 rfflma
1062 628 1220 720 Vergene
1250 620 1421 700 Madarra
1445 620 1585 700 Soulia
1605 624 1736 703 Maria
1761 654 1782 705 e

433 725 657 829 delgloriofh
668 722 909 828 Evangelijla
930 724 1044 826 meser
1063 734 1141 802 San
1164 733 1293 800 Marco
1317 754 1338 801 e
1359 723 1405 801 de
1425 726 1558 824 mesere
1577 733 1656 804 San
1677 734 1782 805 Mar-

432 829 516 915 tino
536 829 694 932 preciostr
724 822 901 907 Canalier
932 826 979 906 de
1008 825 1122 930 Crista
1138 822 1333 923 protellori
1358 825 1639 921 egovernatori
1664 826 1777 930 nostri

433 931 486 1014 [θ’
506 929 547 1011 di
576 954 677 1011 tutta
706 924 748 1007 la
765 927 852 1008 vita
877 952 1027 1024 eterna,
1052 954 1072 1006 e
1096 924 1147 1006 ba
1165 954 1270 1004 onore
1294 922 1540 1004 triverantia
1565 925 1614 1007 (Y
1635 924 1778 1007 exalta·

433 1031 516 1114 riou
541 1031 587 1113 de
611 1030 647 1112 lo
672 1028 899 1134 devotiffimo
934 1025 1037 1108 volta
1066 1026 1196 1129 sanslo
1222 1025 1263 1107 di
1293 1025 1407 1130 Crista
1428 1026 1610 1126 Crucifixo
1629 1033 1729 1134 pollo
1759 1056 1780 1108 e

431 1133 544 1236 meffo
573 1157 642 1232 per
667 1131 796 1212 divino
824 1128 997 1211 miracola
1034 1128 1075 1207 ia
1100 1126 1139 1207 la
1164 1128 1287 1210 cicade
1313 1127 1353 1207 di
1377 1135 1478 1207 Luca
1501 1128 1606 1229 fallo
1642 1159 1662 1209 e
1678 1130 1775 1231 figu-

432 1258 517 1314 rato
543 1231 881 1334 miraculosameme
899 1257 967 1333 per
992 1226 1032 1310 la
1057 1227 1199 1339 eternas
1218 1229 1386 1329 potentia
1400 1229 1529 1410 stills
1555 1225 1665 1311 alcun
1692 1230 1779 1310 arti

427 1335 521 1439 ficio
548 1364 684 1417 auvam
715 1336 913 1441 operarion
944 1333 990 1414 cle
1021 1355 1188 1412 creatura
1218 1354 1363 1411 terrena
1394 1358 1435 1408 m
1455 1329 1501 1409 de
1542 1331 1602 1410 cui
1627 1360 1779 1412 nomae

427 1439 526 1539 sotto
558 1433 594 1516 lo
629 1432 734 1517 titolo
770 1431 831 1519 ael
856 1430 963 1539 quale
1000 1432 1223 1513 cominciata
1259 1462 1279 1513 e
1308 1430 1416 1535 salla
1443 1430 1494 1533 sir
1520 1462 1588 1533 que
1619 1462 1643 1511 a
1676 1435 1781 1512 bene·

394 1537 528 1719 «agriter
553 1566 573 1617 e
598 1537 735 1618 devota
761 1536 1031 1641 congregazion
1057 1534 1232 1617 conando
1258 1529 1289 1614 li
1318 1532 1410 1613 anni
1436 1529 1538 1613 della
1579 1533 1780 1616 uenativi·

432 1660 453 1717 t
540 1648 642 1743 1360.
669 1635 732 1719 del
766 1644 861 1745 mese
886 1638 926 1719 di
951 1651 1096 1717 Zenaro
1117 1670 1133 1719 .·
1169 1630 1435 1739 efimilmente
1466 1634 1638 1716 ordinata
1672 1667 1693 1718 e
1727 1663 1781 1715 co

431 1739 624 1841 minciata
633 1740 683 1842 sir
702 1746 824 1845 quella
849 1745 970 1843 nostra
995 1734 1198 1838 mariegola
1225 1733 1304 1818 alla
1321 1732 1429 1839 quale
1454 1735 1515 1817 noi
1532 1731 1690 1838 fradelli
1715 1735 1781 1818 che

427 1838 548 1942 fiamo
585 1871 651 1921 con
675 1839 803 1941 regali
829 1842 878 1922 acl
904 1838 1040 1921 olalirla
1067 1837 1208 1939 leggere
1234 1837 1308 1919 tuti
1326 1836 1548 1940 saluteremo
1574 1865 1648 1916 una
1663 1837 1780 1939 flada

430 1938 474 2019 la
493 1943 621 2023 madre
642 1873 688 2022 tle
703 1943 847 2046 grazia
866 1971 933 2022 con
951 1941 1160 2045 decorione
1181 1939 1332 2022 dicendo
1342 1951 1430 2019 Aue
1440 1936 1569 2019 Maria
1593 1944 1673 2019 (lc.

446 2094 450 2103 ·
487 2044 573 2123 Nec
601 2047 725 2124 multo
762 2045 841 2147 poll
868 2046 1219 2147 Congregationem
1259 2045 1331 2125 hoc
1359 2040 1466 2146 pano
1492 2041 1730 2123 efformatam
1755 2069 1780 2122 a

430 2143 829 2246 ReligiofisCoenobii
856 2147 1106 2227 obtinuerunt
1132 2147 1318 2227 Lucenses
1344 2143 1506 2249 publicis
1532 2144 1703 2246 pluribus
1723 2145 1778 2223 in·

430 2243 648 2326 strumentis
682 2247 879 2349 (quorum
906 2248 1089 2327 ultimum
1116 2248 1303 2329 Nicolaus
1328 2248 1520 2349 quondam
1552 2247 1731 2324 Venturae
1755 2271 1779 2324 a

428 2347 628 2426 Florentia
664 2350 834 2428 notarius
861 2349 1072 2450 Imperialis
1110 2370 1261 2452 rogatus
1296 2349 1460 2429 confecit
1486 2347 1548 2425 die
1582 2353 1636 2424 18.
1664 2344 1778 2426 osso-

428 2446 508 2537 bris
541 2446 669 2547 1360)
696 2450 946 2529 obtinuerunt
973 2451 1131 2552 inquam
1157 2477 1281 2531 aream
1302 2450 1478 2553 Templo
1499 2448 1712 2549 proximam
1732 2465 1776 2524 ut

428 2543 499 2658 sibi
522 2549 710 2629 Sacellum
737 2571 955 2631 extruerent
981 2553 1084 2653 quod
1110 2554 1152 2632 in
1179 2554 1317 2631 eodem
1342 2550 1594 2629 instrumento
1621 2542 1776 2645 amplia-

428 2668 482 2725 tro
508 2645 557 2727 (Τ
582 2649 726 2752 estenſso
747 2646 897 2751 Templi
919 2655 1148 2756 appellatur.
1176 2653 1247 2755 Ipfi
1271 2678 1363 2731 vero
1373 2652 1559 2730 Lucenses
1585 2649 1626 2727 in
1650 2672 1782 2759 unum,

428 2772 574 2828 coetum
600 2752 852 2835 coalescentes
873 2752 1074 2835 dicuntur:
1101 2751 1257 2834 Prouidi
1281 2751 1331 2833 Θ
1353 2748 1690 2851 circumspeslinrr
1709 2758 1775 2827 Ser

423 2845 562 2929 Paulus
590 2862 732 2932 Paruta
758 2854 803 2933 de
827 2863 950 2953 Luca,
974 2853 1163 2937 habitator
1181 2852 1415 2934 Veneriorum
1437 2851 1477 2929 in
1498 2872 1666 2930 contrata
1685 2859 1776 2927 San-

425 2948 479 3063 {ii
499 2951 717 3051 cantiani,
753 2953 957 3055 operarius,
985 2954 1173 3070 caeterique
1197 2954 1317 3057 socii,
1341 2946 1574 3056 confiliarr'i,
1599 2953 1650 3030 δ’
1670 2950 1775 3029 coad-

418 3042 558 3148 Jutoms
578 3052 839 3158 Univerfitatis
858 3057 1169 3154 communimus,
1194 3058 1244 3137 Θ
1267 3053 1400 3158 schola
1419 3052 1634 3156 Lucenstum
1655 3050 1695 3129 in
1716 3059 1776 3129 Va·

424 3153 611 3232 raetiarum
642 3157 877 3258 reficientium
908 3159 1091 3256 civitate,
1113 3159 1163 3238 CT
1193 3156 1326 3258 reliqui
1355 3183 1477 3235 omnes
1509 3152 1606 3232 inibi
1622 3150 1777 3253 restdert

425 3272 481 3332 tet
501 3253 546 3365 de
572 3254 834 3366 remonstrare,
861 3260 1126 3340 communitate
1150 3259 1201 3341 O*
1214 3254 1324 3361 scola
1351 3253 1536 3357 pradillis
1555 3279 1624 3356 per
1638 3247 1790 3347 ducale.

425 3361 649 3434 Domrmum
672 3358 904 3456 approbatis:

478 3455 626 3535 Ibidem
653 3459 866 3541 decernitur
892 3462 990 3543 solos
1020 3463 1205 3545 Lucenses
1231 3460 1298 3564 qui
1326 3460 1468 3563 degunt
1500 3461 1675 3541 Venetiis
1712 3483 1775 3538 eo-

424 3580 585 3672 rumque
608 3559 726 3640 Filios
751 3564 789 3641 8<
813 3567 984 3667 Nepotes
996 3565 1111 3665 recipi
1132 3564 1175 3643 in
1198 3564 1271 3641 hoc
1292 3563 1508 3641 sodalitium
1531 3565 1654 3663 posse,
1679 3560 1777 3639 adeo

423 3675 468 3734 ut
484 3683 542 3771 ‘ns
567 3659 831 3745 deficientibus
856 3689 1019 3768 nequeat
1045 3665 1235 3746 Sacellum
1262 3664 1308 3741 ad
1334 3664 1489 3745 alterius
1511 3659 1776 3743 Constaterni·

422 3774 514 3867 tatis
550 3762 658 3841 usum
686 3766 861 3845 traduci.
887 3768 1145 3871 Excipiuntut
1181 3786 1309 3845 tamen
1347 3763 1389 3844 in
1421 3764 1631 3845 Metricosa
1655 3791 1688 3845 c.
1714 3789 1771 3864 31.

422 3851 597 3973 Religioſs
615 3862 775 3975 Virginis
791 3865 902 3946 Serui
931 3870 1162 3970 inquorum
1187 3867 1348 3967 gratiam
1377 3867 1568 3946 habentur
1594 3868 1673 3946 hec
1693 3888 1776 3973 ver·

422 3954 502 4033 ba:
539 3960 774 4046 Srmtlmente
800 3967 990 4067 magliamo
1032 3966 1097 4046 cle
1125 3965 1345 4069 ciascbcdun
1376 3976 1490 4046 Frate
1521 3962 1609 4057 dell
1638 3960 1776 4037 Ordme

422 4052 467 4139 ai
485 4054 596 4137 sami
626 4059 668 4138 a'i
688 4069 883 4148 Madonna
903 4067 1045 4147 sanna
1067 4067 1195 4146 Maria
1216 4064 1278 4148 del
1299 4077 1492 4147 Conventa
1521 4064 1564 4139 ai
1583 4056 1778 4158 Venegia',
1909 4107 1910 4126 2

425 4183 563 4236 ovvero
575 4157 616 4237 di
625 4159 743 4261 quello
755 4164 855 4248 della
867 4166 1078 4265 ciurana,
1102 4162 1138 4247 lo
1166 4167 1255 4271 qual
1275 4158 1410 4269 nolcffe
1421 4185 1567 4242 entrare
1591 4161 1631 4239 in
1678 4163 1778 4273 uesta

422 4263 545 4375 nostra
566 4268 754 4375 Congrega
785 4267 888 4369 ione,
907 4271 1107 4383 poffarffm
1126 4270 1293 4353 riceuuto
1312 4263 1576 4362 liberamento,
1602 4192 1777 4344 erlebbta

421 4360 509 4465 ‘llll
522 4296 798 4460 partecrpevole
817 4369 859 4452 aa·
878 4393 970 4454 tutta
989 4368 1022 4453 li
1042 4371 1149 4454 leni.
1590 4462 1726 4551 Auem
