3850 5342
1310 170 1313 175 ,
1397 136 1413 175 l

166 438 257 531 (χ
456 408 1256 501 0(υιΝιε8εἰ(νοιυΜΒ.ΜΝ.
1409 432 1537 521 35.

183 620 211 668 ,,
231 566 310 664 eli,
334 565 374 647 8(
398 562 539 666 ubique
564 552 707 662 mag'uo
730 560 875 665 semper
898 561 1027 666 precio
1052 561 1284 645 habebatur.
1309 559 1524 676 Eratnsum·

181 724 211 770 „
235 693 308 749 rna
333 663 537 749 sanbiitatis
563 683 688 765 pater:
715 662 871 745 barbam
895 667 1050 767 gerebat
1076 663 1264 745 incultam
1288 688 1302 759 ς
1328 663 1439 780 nudis
1464 686 1525 764 pe·

181 825 211 870 „
235 770 347 851 dibus
372 766 502 848 altatis
527 763 717 861 calorem,
743 765 968 869 hyemisque
995 766 1188 869 algoream
1214 790 1258 846 ac
1284 764 1422 867 glacies
1447 787 1526 843 ma·

181 926 210 971 ‚,
236 872 380 952 nimam
405 867 651 971 frigiditatem
677 864 910 969 patiebatur.
936 868 1059 950 Nullo
1080 880 1249 972 unquam
1260 887 1431 969 tempore
1452 863 1525 980 cal·

181 1014 213 1075 ‚a
239 999 306 1061 cea
329 974 519 1074 gerebat,
544 967 682 1051 adeout
707 966 923 1072 frequenter
946 969 990 1049 in
1016 969 1174 1073 pedibus
1199 968 1356 1050 rimulas
1382 966 1529 1082 sangui·

185 1131 213 1177 „
238 1098 331 1155 nem
348 1093 570 1155 evomentes
589 1069 789 1172 aspiceres.
816 1074 863 1152 ln
873 1070 1010 1154 vestitu
1022 1070 1363 1176 contemptiffimus
1373 1086 1532 1185 extant,

183 1233 212 1278 „
239 1177 349 1256 nullo
373 1196 545 1276 tempore
571 1197 701 1255 carnes
725 1173 983 1275 comedebat,
1008 1175 1146 1257 vinum
1171 1196 1368 1355 nunpuam
1395 1170 1531 1264 bibat,

182 1330 214 1379 „
236 1279 345 1380 supra
366 1277 510 1358 nudam
536 1295 699 1374 terram,
722 1293 789 1358 aut
814 1275 1009 1359 interdum
1034 1279 1143 1381 supra
1169 1277 1259 1357 tabu
1276 1301 1316 1356 as
1340 1271 1529 1391 cubebat3

115 1464 120 1469 ,
181 1434 212 1479 „
236 1380 275 1459 8(
300 1406 343 1460 ea
369 1378 525 1460 tandem
548 1377 716 1480 agebat,
750 1402 832 1481 qua
867 1405 937 1482 pro
962 1379 1153 1463 domando
1187 1400 1344 1478 corpote
1380 1373 1531 1491 viderat

180 1534 210 1581 ‚,
233 1502 465 1583 opportuna.
491 1477 638 1560 Vivens
661 1478 786 1561 adhuc
810 1480 976 1584 plurima
994 1480 1179 1563 miracula
1198 1507 1220 1561 a
1241 1480 1330 1559 Deo
1350 1475 1432 1557 fien
1453 1472 1530 1553 suas

182 1632 211 1681 „
237 1581 475 1662 orationibus
498 1579 689 1662 obtinuit.
716 1582 870 1684 Semper
895 1583 1145 1665 concionibus
1170 1582 1354 1677 vacabat,
1377 1577 1423 1693 &⁶
1436 1600 1527 1657 con·

181 1734 212 1782 „
237 1679 481 1784 temptationi
516 1681 782 1784 potiusquam
816 1685 929 1764 rebus
953 1683 1127 1785 gerendis
1163 1704 1316 1785 operam
1341 1678 1531 1796 dedisset,

180 1837 212 1882 „
236 1782 307 1862 nist
338 1808 361 1861 a
386 1780 560 1862 Patribus
594 1778 717 1860 suisset
751 1781 902 1865 coabbas
936 1785 984 1864 ad
1010 1782 1255 1886 Magistratus
1289 1779 1405 1860 nostra
1424 1800 1530 1894 ‚onus

181 1935 210 1982 „
236 1883 494 1963 subeundum.
520 1880 583 1961 Ad
593 1903 708 1983 quarn
718 1880 944 1985 dignitatem
954 1909 1044 1964 cum
1056 1885 1092 1963 se
1102 1881 1267 1963 elebium
1288 1878 1531 1982 percepisset,

180 2038 209 2083 „
234 1983 358 2064 statim
384 1982 512 2063 audita
531 2006 598 2079 re,
621 1978 749 2083 sugam
768 1982 930 2066 molitus
949 1985 1022 2067 esi:
1048 1988 1195 2065 Verum
1222 2009 1245 2063 a
1271 1979 1446 2095 fratribus
1466 1979 1530 2093 de·

181 2138 212 2184 2,
235 2106 374 2169 tentusx
389 2109 488 2203 nequ
538 2107 626 2165 uam
652 2107 786 2164 eorum
812 2106 906 2166 voto
931 2085 1024 2168 stare
1047 2112 1127 2167 non
1146 2080 1530 2198 posuinosnsun·

181 2240 211 2286 „
236 2188 277 2268 ni
302 2187 341 2269 8(
364 2184 420 2267 ibi
446 2212 489 2265 sn
544 2182 675 2267 eclesia
695 2184 839 2268 Santra
861 2187 997 2268 Maria
1017 2187 1238 2270 Gratiarum
1255 2180 1530 2271 maracubsals·

182 2336 211 2386 5,
234 2288 403 2392 quandiu
429 2285 588 2369 floruit.
615 2285 687 2366 Sed
712 2287 883 2369 Andreas
906 2286 1143 2370 Lauredanus
1171 2312 1262 2370 cum
1283 2286 1327 2385 in
1350 2309 1396 2366 ea
1420 2283 1529 2364 Urbe

181 2442 210 2488 „
234 2416 303 2509 pro
313 2389 475 2471 Venetis
485 2387 619 2470 Prases
639 2387 837 2490 existeret,
862 2391 901 2471 8(
925 2393 1078 2474 adversa
1099 2388 1319 2473 valetudine
1329 2409 1435 2467 corre
1462 2404 1525 2464 tus
1621 2464 1625 2485 ,
1728 2429 1734 2439 «

179 2544 207 2591 ,,
232 2517 277 2572 tn
301 2490 480 2573 extremis
504 2510 656 2594 ageret,
681 2493 822 2573 meruit
842 2494 949 2574 Beati
970 2502 1240 2574 Bonaventura
1265 2489 1409 2570 interce
1451 2509 1525 2564 oue

180 2647 209 2693 ‚‚
233 2593 519 2689 convalesceret
543 2619 617 2695 qua
642 2594 761 2694 gratia
785 2594 887 2678 susce
914 2617 953 2677 ta
977 2596 1056 2695 ejus
1080 2622 1147 2681 cor
1173 2621 1216 2675 us
1241 2592 1436 2774 integrum
1460 2591 1528 2664 Ve-

179 2749 209 2794 „
235 2693 354 2774 nerias
378 2694 566 2775 transtulit
590 2695 693 2797 quod
718 2696 874 2781 summo
888 2622 1040 2782 ironore
1065 2697 1109 2780 in
1165 2693 1297 2779 eclesia
1343 2711 1524 2772 ervorum

144 2804 149 2813 '
180 2851 210 2895 „
235 2796 428 2877 miraculis
453 2796 601 2898 fulgens
626 2797 855 2879 collocavit.
1367 2896 1376 2914 ¹

231 2898 324 2999 Ejus
343 2920 472 2979 autern
490 2898 715 2979 memoriam
737 2899 844 2981 inter
867 2900 967 2982 vitas
988 2900 1197 2982 illustrium
1207 2892 1527 2980 Forolivrensrum

181 2999 354 3080 virorum
368 2998 536 3079 inseruit
556 3001 660 3079 Geor
687 3000 744 3078 ius
766 3001 955 3080 Vivianus
977 3000 1212 3082 Marcbefius
1247 3000 1314 3078 lib.
1331 3026 1362 3077 1.
1385 3013 1477 3096 'cap
1490 3023 1525 3107 a.

180 3124 262 3203 pag.
276 3129 336 3203 no
361 3124 476 3216 quam
501 3099 645 3178 idcirco
701 3099 736 3179 ic
762 3098 1026 3199 adnectimus,
1062 3121 1105 3182 ut
1130 3099 1356 3213 quibusdam
1381 3092 1527 3176 notulis

178 3201 229 3279 ali
257 3227 306 3280 ua
331 3225 458 3279 snmus
482 3198 637 3278 veritati
662 3200 827 3280 consona
844 3201 1104 3304 corrigantur,
1129 3200 1256 3305 aliqua
1276 3219 1417 3296 ettam,
1441 3216 1526 3298 qua

183 3301 232 3379 ad
292 3321 448 3382 enetum
468 3298 708 3381 Coenobium
778 3301 947 3402 ttinent‚
969 3304 1176 3385 addantur.
1499 3346 1526 3411 .'

229 3454 258 3500 ,‚
283 3400 420 3483 beatus
440 3402 708 3483 Bonaventura
769 3404 953 3486 orniellus
978 3405 1129 3486 summo
1154 3406 1242 3487 loco
1262 3401 1359 3506 apud
1380 3395 1528 3479 Foroli-

178 3553 208 3604 „
231 3501 378 3585 vienses
403 3523 514 3585 natus
538 3502 591 3583 eli
616 3527 663 3584 ex
683 3503 882 3586 clariffirna
907 3506 1199 3589 &vetustissima
1218 3501 1399 3608 progenie
1409 3522 1525 3602 quam

179 3655 209 3701 „
233 3602 360 3706 Opizo
381 3602 552 3686 Novaria
570 3604 810 3708 Forolivium
831 3610 1085 3712 asportaverat
1101 3635 1203 3690 anno
1217 3636 1259 3686 12
1265 3634 1327 3723 54·
1348 3602 1529 3721 lliccum

181 3756 209 3801 „
232 3703 409 3786 famulari
429 3709 521 3788 Deo
545 3706 588 3803 in
611 3707 793 3809 obsequio
812 3709 1055 3792 Sandiffima
1080 3711 1160 3812 ejus
1179 3712 1386 3790 Gennnots
1404 3704 1530 3823 decre·

182 3857 211 3902 „
234 3806 342 3887 villet
366 3808 666 3890 adolescentibus
691 3810 815 3893 adbuc
842 3813 950 3893 annis
976 3812 1161 3893 familiam
1182 3812 1387 3892 Servorum
1408 3822 1529 3898 snut,

183 3957 210 4000 „
236 3908 303 3988 ubi
328 3907 468 4012 pietate
494 3935 538 3989 ac
563 3909 734 3989 doblrina
748 3934 841 3993 ante
862 3914 979 4016 ipsam
1002 3913 1263 3997 maturitatem
1274 3909 1465 3992 consortes
1475 3925 1530 3984 re·

183 4055 212 4100 „
237 4009 375 4103 gularis
401 4010 607 4127 disciplina
632 4012 820 4113 superavit
847 4017 940 4117 (a).
968 4017 1042 4097 His
1063 4013 1432 4127 meritisvirtuturn2
1457 4027 1530 4119 nec

183 4156 212 4201 „
234 4128 312 4184 non
337 4114 570 4208 prudentia,
592 4112 631 4193 8(
655 4112 890 4199 affabilitatis
915 4118 963 4198 ad
989 4118 1113 4201 varios
1139 4115 1274 4222 gradus
1294 4112 1451 4289 Ord}n1s
1470 4106 1529 4184 sut

289 4264 292 4270 -
935 4222 989 4301 Ε4
1026 4250 1048 4301 2
1302 4268 1330 4312 „
1354 4232 1477 4291 acen·

182 4396 205 4430 „
225 4355 287 4433 (a)
306 4358 434 4421 Veneriis
453 4359 483 4419 in
503 4358 681 4417 Monaneno
693 4368 718 4417 s
734 4369 836 4424 uasto
847 4371 1002 4435 Servorum
1022 4370 1190 4433 litterarum
1208 4363 1309 4425 studiis
1320 4355 1453 4423 incubuit
1471 4367 1525 4437 pet

181 4472 209 4511 ,,,
361 4454 452 4499 annos
471 4437 518 4498 set
538 4432 576 4496 ab
589 4452 674 4500 ,anno
692 4433 804 4502 seilicet
822 4441 907 4517 1448.
924 4436 963 4509 aa
983 4455 1191 4540 annum1454.
1258 4508 1260 4513 ,
