3850 5342
370 472 398 507 ρ

530 442 581 521 18
736 435 816 520 Da
845 428 1296 544 Monasrnnros
1330 430 1524 514 Mrnrn

456 587 618 664 Verona
644 578 772 661 emifit
792 605 920 661 coram
941 581 1059 661 Beato
1071 580 1255 662 Coenobii
1278 582 1493 662 Fundatore
1514 579 1713 663 Francisco
1732 584 1798 663 Pa-

453 683 562 766 tritio
582 683 643 762 die
656 712 688 763 2.
702 681 844 785 Aprilis
863 710 966 763 anno
981 690 1085 785 1326.
1112 686 1216 763 Ineo
1235 680 1484 764 instrumento
1495 680 1651 784 legitur:
1672 681 1796 763 Thau
1900 757 1910 782 ,

450 780 541 865 deus
565 784 749 885 quondam
771 782 928 864 Antonii
947 781 993 863 de
1009 782 1187 864 Veneriis.
1215 788 1332 887 Quod
1358 806 1486 865 autern
1513 783 1679 886 superius
1706 788 1794 867 rela-

450 906 538 966 tum
564 885 640 984 est,
664 887 872 983 Cretense,
898 886 1046 989 aliaque
1067 887 1219 969 Gracia
1233 886 1465 970 Monasteria
1485 910 1532 966 ex
1544 889 1694 966 Veneto
1704 887 1793 967 Coe·

448 987 571 1068 nobio
597 987 784 1089 originem
806 989 982 1085 duxisse,
1016 987 1250 1069 occasionem
1285 990 1430 1072 sortasse
1455 988 1492 1067 ei
1518 987 1646 1089 elogio
1667 988 1793 1084 dedit,

421 1089 553 1189 squod
579 1114 601 1167 a
623 1088 842 1172 Mausolico
867 1092 915 1170 ad
939 1089 1040 1170 diem
1070 1119 1128 1169 aa.
1152 1091 1349 1171 Februarii
1377 1089 1584 1195 appositum
1610 1087 1714 1167 suilie
1740 1088 1793 1166 di·

449 1190 603 1302 ximus,
616 1190 802 1303 ,videlicet
817 1188 934 1293 primi
949 1200 1146 1271 Servorum
1167 1200 1210 1271 Β.
1222 1200 1329 1272 M.V.
1356 1191 1396 1271 in
1410 1189 1580 1291 partibus
1599 1182 1793 1269 Orientali·

448 1288 516 1371 bus
537 1294 772 1396 tnstttutorts.

834 1402 896 1475 De
915 1402 957 1473 Β.
981 1388 1244 1474 Bartholomaeo
1264 1398 1417 1475 Veneto.
1820 1454 1823 1459 ·

497 1493 798 1577 Bartholomaeus
808 1497 999 1594 Venetus,
1029 1521 1117 1575 uem
1128 1496 1289 1578 Gianius
1302 1494 1511 1577 Annalium
1525 1495 1692 1578 Tomll.
1704 1492 1791 1573 Rea·
1921 1570 1922 1577 r

445 1594 496 1675 ‘tis
517 1598 761 1696 adnumerat,
782 1598 984 1700 discipulus
1003 1523 1081 1677 iuit
1101 1598 1207 1678 Beati
1220 1600 1491 1678 Bonaventurae
1502 1592 1791 1689 Foroliviensrs‚
1921 1596 1922 1625 l

444 1715 557 1797 atque
582 1696 694 1798 ipsius
720 1697 943 1781 austeritatis
970 1699 1187 1778 &virtutis
1212 1699 1431 1779 individuus
1459 1699 1649 1777 imitator.
1676 1694 1717 1774 Si
1743 1717 1789 1773 err

444 1794 659 1879 domesticis
684 1800 945 1879 monumentis
975 1799 1188 1900 probabiles
1214 1800 1304 1878 licet
1330 1800 1512 1878 deducere
1537 1794 1792 1903 eonjedlutas,

443 1892 513 1972 ille
538 1897 625 1992 est,
675 1926 765 1979 uem
791 1899 931 1999 regesta
951 1898 1137 1978 Coenobii
1163 1920 1304 1980 vocant
1324 1890 1627 1978 Bartholomaeum
1652 1905 1790 1993 szo·

443 1992 609 2073 cherum.
679 1998 714 2077 ic
740 1999 820 2098 post
846 1998 1012 2078 emissam
1039 1998 1081 2078 in
1101 2000 1305 2081 Servorum
1325 1997 1470 2078 Ordine
1492 1994 1658 2095 regulari
1681 2004 1790 2072 voto'·

441 2117 530 2208 rum
556 2094 818 2197 prosellionem
844 2100 906 2178 die
928 2130 961 2201 9.
982 2102 1029 2180 Se
1058 2102 1213 2182 tembris
1234 2126 1336 2180 anno
1362 2126 1466 2200 1429.
1485 2097 1700 2175 litterarum
1722 2090 1790 2208 stu3

441 2193 515 2274 dns
540 2194 741 2296 incubuit,
767 2223 858 2279 mox
878 2201 1014 2280 deman
1040 2224 1146 2282 atum
1167 2202 1235 2284 srbi
1253 2226 1351 2282 onus
1361 2195 1584 2303 praedicandi
1595 2195 1703 2275 verbi
1715 2194 1790 2273 Det

437 2295 588 2411 summo
613 2324 703 2378 cum
729 2299 941 2381 animarum
970 2302 1136 2405 professu
1162 2303 1343 2406 suscepit.
1371 2301 1533 2402 Aliquot
1560 2296 1696 2377 deinde
1722 2320 1784 2374 an·

438 2420 499 2474 nrs
526 2423 567 2475 rn
592 2423 640 2478 eo
665 2426 823 2482 munere
849 2404 1090 2486 laudabiliter
1116 2403 1256 2488 exadiis
1276 2403 1484 2489 adsacrum
1505 2397 1696 2479 Palestinae
1715 2417 1786 2476 ter·

439 2520 522 2610 ram
550 2498 586 2576 se
612 2502 811 2597 contulit,
847 2525 890 2580 ut
917 2506 1001 2583 loca
1027 2507 1095 2583 illa
1120 2494 1364 2585 acerbislimls
1400 2497 1545 2580 Christi
1574 2498 1697 2599 poenis
1723 2498 1785 2576 do

433 2596 655 2701 loribusque
677 2600 850 2702 Deiparae
875 2602 1034 2704 insignia
1059 2604 1220 2707 prasens
1236 2622 1505 2683 veneraretur.
1532 2601 1593 2677 Ex
1612 2624 1655 2678 ea
1683 2621 1784 2699 pere·

434 2695 652 2873 grinnione
679 2702 796 2781 redux
806 2703 1090 2787 Coenobiorum
1117 2703 1297 2805 regimini
1320 2704 1496 2821 pluribus
1517 2701 1557 2779 in
1579 2699 1682 2811 locis·
1697 2722 1784 2798 pra·

465 2819 587 2911 cretur,
612 2800 732 2880 donec
751 2826 853 2883 anno
879 2814 982 2906 1463.
1010 2832 1031 2885 e
1051 2809 1201 2885 Veneta
1222 2805 1385 2885 Familia
1412 2812 1427 2897 (
1447 2824 1547 2880 utex
1561 2797 1703 2879 Diarus
1724 2823 1784 2877 co

434 2898 614 3014 npcrtur)
639 2901 686 2980 ad
708 2901 859 2988 Montis
882 2904 1059 2984 Granarii
1080 2903 1321 2985 Coenobium
1342 2903 1522 2984 dedudlus
1544 2901 1600 2982 ibi
1625 2902 1666 2980 in
1686 2899 1784 2979 sum·

433 3020 498 3079 ma
523 3018 612 3081 vrtae
637 3001 851 3088 austeritate
878 3007 926 3084 ad
951 3028 1117 3087 monem
1145 3007 1261 3110 usque
1336 3002 1559 3087 rseveravit.

859 3115 920 3187 De
940 3114 984 3186 Β.
1006 3102 1196 3206 Raphaele
1216 3032 1352 3189 Casii.

482 3198 717 3301 Raphaelem
744 3231 766 3286 e
787 3207 944 3287 Patritia
963 3209 1125 3289 familia
1144 3211 1293 3307 Calba,
1318 3234 1432 3311 quem
1461 3231 1510 3287 ex
1535 3201 1732 3305 aequivoco
1753 3223 1780 3311 ‘e

428 3319 547 3414 ,gente
568 3302 684 3417 balba
705 3309 884 3388 nonnulli
905 3306 1009 3388 fuisse
1031 3326 1279 3388 autumarunt
1302 3364 1316 3405 ‚
1341 3336 1418 3388 una
1443 3334 1531 3388 cum
1559 3304 1679 3412 Jobbe
1700 3301 1779 3375 Bn-

432 3399 549 3480 xrenfi
560 3405 724 3501 ejusdem
736 3407 899 3488 instituti
909 3408 1064 3505 allecla,
1085 3408 1219 3489 Beatos
1231 3408 1464 3508 nuncupavit
1476 3406 1635 3484 Gianius
1654 3425 1694 3477 m
1704 3401 1781 3478 An·

430 3501 606 3600 nalibus,
628 3532 794 3609 quorum
814 3509 999 3610 imagines
1021 3507 1494 3589 inMonasterioUtinensr
1516 3498 1702 3602 depidias,
1728 3521 1780 3579 at·

430 3622 505 3701 que
525 3603 730 3688 Beatorum
752 3609 867 3689 titulo
889 3610 1081 3711 insrgnitas
1102 3609 1273 3689 asservari
1285 3607 1461 3688 testatur.
1489 3608 1777 3684 Praerernomen

429 3723 451 3777 a
471 3702 724 3806 Scriptoribus
746 3709 939 3807 Ordinis,
964 3712 1002 3791 81
1022 3736 1043 3789 a
1064 3712 1210 3813 Joanne
1234 3709 1443 3809 Theupulo
1465 3704 1680 3785 Patriarcha
1702 3705 1776 3814 Ve-

427 3801 614 3888 netiarum
626 3807 667 3888 in
680 3809 808 3891 Indice
819 3810 1045 3891 recenfitum
1056 3811 1219 3913 apposita
1229 3809 1338 3890 Beati
1348 3807 1657 3911 nuncupatione,
1676 3798 1777 3882 nilnl

427 3922 605 4000 praterea
626 3913 671 3991 de
690 3936 737 3992 eo
764 3909 874 3990 licuit
900 3911 1095 3991 invenire.

476 4004 671 4090 Dodrina
696 4010 808 4090 laude
834 4010 1072 4089 emicuerunt
1092 4011 1263 4091 Andreas
1284 4007 1473 4110 Georgius
1494 4010 1540 4087 de
1560 4006 1665 4084 Urbe
1676 4020 1776 4075 vete·

426 4101 461 4179 ri
486 4109 763 4206 praedicationis
788 4133 948 4190 munere
975 4111 1098 4191 clarus
1123 4111 1169 4190 ad
1180 4112 1461 4214 Caprulensem
1469 4108 1602 4188 sedem
1622 4094 1775 4177 evfflffl

431 4223 533 4279 anno
551 4208 702 4290 circiter
717 4239 822 4314 1341.
835 4210 1052 4293 Pestilentia
1072 4213 1239 4293 sublatus
1261 4212 1433 4292 Veneriis
1452 4224 1493 4277 rn
1515 4194 1775 4278 EcclesraSer·

427 4325 563 4383 vorum
587 4312 794 4390 tumulatus
815 4311 887 4391 suit
909 4312 971 4392 die
994 4336 1091 4392 xv11.
1112 4313 1206 4410 Julii
1228 4340 1330 4390 anno
1356 4310 1460 4408 1348·

474 4404 687 4509 Stephanus
708 4402 832 4510 Niger
852 4409 1024 4495 Venetus
1043 4410 1238 4503 Absorivii
1265 4413 1279 4512 (
1290 4408 1408 4509 vulgo
1419 4397 1767 4583 Catarolnilrartilgal·
