3850 5342
422 427 666 512 Onornrs
697 412 993 514 Santonum
1024 427 1069 509 B.
1088 427 1151 511 M.
1170 427 1221 509 V.
1372 422 1439 539 '45'

151 588 181 676 ς,
206 576 373 658 multum
393 578 480 661 Deo
501 580 645 697 accepti
665 581 768 698 iuxta
789 579 906 662 totius
928 579 1049 698 ,hujus
1066 580 1206 699 Populi
1237 579 1490 673 indubitatam

149 708 179 776 ς,
203 681 489 780 credulitatem,
515 684 553 764 8(
577 707 800 784 optmonem
825 708 906 763 non
926 703 1179 762 immeritam:
1206 679 1382 762 Proseiio
1397 678 1494 784 opti·

149 808 178 877 ·„
205 804 270 859 mo
295 782 373 880 jure
394 784 753 865 Excommunicario
778 785 883 864 nulla
907 787 1138 887 pracedente
1158 782 1383 880 curatione,
1409 781 1494 862 nul·

152 932 181 975 „
208 881 247 959 lo
273 884 425 964 admisso
451 907 605 987 peccato
626 885 800 984 mortali,
825 887 930 966 nulla
955 884 1241 967 innobedientia
1262 910 1342 964 non
1362 882 1495 964 debuit

150 1035 179 1079 „
204 987 464 1081 pronunciari:
492 990 647 1068 Debent
658 988 784 1090 potius
795 988 865 1068 esse
876 988 1041 1068 remedia
1059 988 1151 1069 talia
1172 985 1427 1066 Ecclefiastica
1447 976 1496 1064 ad

154 1144 182 1188 ‚‚
206 1091 364 1169 salutem
373 1084 1496 1192 Fidelium,quamadperditionem,omnianamque-magls

153 1247 180 1291 „
205 1194 456 1294 processerunt
477 1219 499 1271 a
519 1192 710 1274 mentibus
721 1192 869 1274 devotis
889 1190 1181 1289 defferentibus,
1202 1192 1240 1270 8(
1260 1187 1495 1269 observanti·

150 1346 177 1394 „
203 1299 274 1399 bus
286 1297 509 1375 memoriam
521 1295 626 1375 illius
637 1294 801 1392 Fratris,
821 1319 936 1398 quem
948 1294 1177 1374 arbitrantur
1189 1318 1267 1373 non
1279 1294 1345 1371 abs
1356 1316 1395 1369 re
1406 1287 1493 1368 fuis-

149 1450 178 1495 „
203 1396 240 1473 se
262 1394 480 1498 religiosum
501 1399 631 1477 multa
651 1396 778 1497 gratia
789 1396 887 1498 apud
899 1395 1115 1476 Dominum
1138 1421 1207 1513 pro
1226 1393 1305 1495 ejus
1315 1391 1408 1472 Fide
1414 1447 1432 1507 7
1457 1390 1496 1472 8t

147 1551 176 1598 „
201 1498 454 1578 Edilicatione
476 1498 612 1599 Populi
633 1497 842 1577 Christiani
867 1517 926 1578 tot
945 1497 1080 1577 annuis
1104 1494 1295 1599 Vigiliis,
1319 1492 1495 1604 Inedtis,

145 1612 175 1697 '„
203 1599 398 1678 laboribus
422 1599 642 1695 insudavit,
678 1600 820 1679 multos
846 1597 992 1679 labores
1038 1600 1130 1679 assus
1151 1598 1233 1678 est:
1260 1597 1368 1676 Deus
1388 1592 1494 1676 enini

145 1753 176 1801 „
202 1697 532 1778 Clementiffimus
569 1700 630 1777 res
650 1697 717 1775 icit
743 1700 856 1777 corda
892 1626 1131 1779 interuientia
1168 1700 1355 1779 honorare
1382 1699 1493 1775 beno

148 1855 177 1900 „
203 1799 384 1894 meritos,
411 1818 453 1877 ut
480 1724 757 1877 rationaiiliter
783 1796 999 1878 existimant
1023 1801 1070 1877 de
1092 1802 1204 1896 Deo,
1228 1799 1266 1877 8(
1285 1797 1377 1876 Fide
1398 1794 1497 1875 chri·

148 1955 177 2002 „
202 1898 344 1998 stiana,
369 1899 407 1978 8(
432 1900 584 1999 quando
610 1923 690 1978 non
716 1898 769 1975 ita
794 1899 986 1978 subtiliter
1011 1899 1295 2001 intelligerent,
1322 1896 1416 1977 ficut
1442 1897 1496 1975 le·

149 2001 306 2105 „gitur
332 2001 377 2080 de
405 1999 498 2096 illo,
522 2000 589 2101 qui
610 2002 779 2081 Crucem
808 2002 1030 2080 verberabat
1057 2023 1104 2080 ex
1130 1998 1305 2102 eoquod
1326 1999 1497 2077 Salvato-

143 2158 177 2205 1„
202 2130 284 2183 rem
311 2100 557 2182 substinuerat
583 2101 624 2181 in
652 2122 799 2198 morte,
822 2102 861 2181 8(
879 2123 1007 2182 tamen
1029 2104 1136 2183 Deus
1157 2099 1353 2203 permisit,
1374 2120 1415 2178 ut
1434 2123 1498 2201 pe·

149 2260 176 2305 „
200 2206 312 2286 dibus
337 2203 440 2284 siccis
467 2228 532 2306 per
553 2228 658 2283 mare
681 2224 849 2285 curreret
870 2205 1009 2305 absque
1030 2204 1306 2300 submersione,
1332 2220 1375 2281 ut
1392 2226 1497 2281 com·
1576 2266 1580 2273 .

148 2361 175 2405 „
200 2310 375 2408 probaret
402 2326 588 2408 quantum
614 2304 675 2386 illi
699 2306 846 2408 placeat
872 2306 1047 2407 puritas,
1072 2307 1109 2385 8(
1137 2303 1354 2406 simplicitas
1380 2306 1493 2382 bona·
1562 2367 1566 2375 .

146 2463 174 2506 „
199 2435 285 2488 rum
309 2409 520 2490 mentium:
548 2410 650 2489 Vota
676 2431 852 2510 praterea
877 2408 919 2486 in
943 2409 1098 2489 occulto
1123 2409 1247 2488 cordis
1267 2406 1302 2485 ei
1314 2426 1494 2507 tanquam

146 2524 173 2611 '„
198 2513 303 2590 bono
324 2511 444 2607 Viro,
469 2510 506 2590 8(
525 2511 603 2591 Dei
630 2511 755 2591 amico
781 2509 875 2589 faeta
901 2511 982 2612 post
1002 2510 1163 2612 gratiam
1181 2510 1495 2610 consequutama

144 2612 373 2709 „Domino
399 2613 477 2710 ejus
503 2612 676 2715 precibus
702 2612 745 2693 in
766 2612 858 2691 Fide
884 2614 1146 2710 credentium,
1171 2639 1239 2693 cur
1264 2612 1310 2690 ad
1336 2613 1415 2709 ejus
1436 2631 1494 2686 tu·

144 2726 175 2809 „
202 2713 352 2792 mulum
372 2712 500 2792 offerri
522 2741 601 2794 non
621 2716 786 2813 debent,
811 2740 900 2795 cum
913 2714 1095 2796 miracula
1106 2715 1312 2817 pracedere
1331 2712 1493 2790 debeant
1598 2728 1600 2733 ’

146 2864 174 2909 „
199 2815 401 2894 necessario
418 2817 770 2898 Canonizationem
792 2816 1040 2912 Samiorum,
1092 2844 1147 2896 uae
1173 2816 1254 2896 fieri
1275 2840 1355 2895 non
1376 2812 1493 2913 posset

147 2964 176 3009 „
201 2914 277 2995 sme
299 2916 370 2995 lide
382 2918 638 3006 credentium:
708 2917 979 2996 uodficredere
1007 2843 1429 3016 proiribemurineum,
1456 2912 1495 2991 8(

145 3066 174 3109 „
199 3015 241 3094 in
268 3017 386 3115 alios,
411 3044 505 3118 quos
532 3022 676 3115 bonos,
702 3019 740 3095 8(
760 3019 936 3096 Domino
960 3038 1136 3117 acceptos
1162 3017 1373 3110 credimus,
1400 3038 1493 3091 nun-

144 3121 387 3219 „quamde
414 3142 518 3197 novo
542 3145 644 3199 nova
667 3119 760 3198 sient
786 3117 990 3197 miracula:
1019 3119 1078 3196 vel
1106 3115 1132 3194 sr
1159 3116 1275 3212 fient,
1301 3136 1495 3226 nunquam

144 3267 173 3313 „
199 3217 572 3315 manifestabuntur,
598 3246 791 3320 nunquam
818 3239 1059 3319 acceptorum
1097 3217 1369 3298 beneficiorum
1395 3232 1495 3314 grati

144 3368 173 3412 „
201 3319 417 3416 erimus,sr
449 3343 619 3422 acceptas
644 3321 781 3422 gratias
807 3323 931 3423 palam
953 3319 1118 3399 attestari
1147 3346 1225 3398 nort
1252 3316 1493 3420 poterimus:

142 3431 174 3513 *„
198 3420 354 3520 insuper
372 3422 474 3522 quod
495 3423 650 3504 Notatii
670 3444 801 3503 notam
823 3425 966 3524 ipsam,
991 3421 1221 3522 stintelligit
1236 3423 1295 3497 ·V.
1318 3422 1364 3497 R.
1387 3420 1426 3495 P.
1447 3417 1496 3494 de

148 3568 176 3613 „
201 3522 394 3626 originali
421 3549 552 3603 eorum
580 3525 654 3605 hoc
677 3523 819 3604 nonest
841 3524 1010 3623 justum,
1035 3525 1124 3626 quia
1149 3523 1251 3625 quod
1277 3520 1418 3599 sadlum
1442 3516 1496 3596 est

148 3670 176 3715 „
197 3644 288 3702 anre
310 3625 635 3731 prohibitionem,
661 3652 738 3706 non
758 3649 928 3707 meretur
948 3651 1126 3727 poenam,
1151 3650 1222 3703 nec
1244 3640 1498 3725 peccaverunt

144 3734 177 3816 '„
200 3726 292 3803 talia
317 3727 547 3826 scribenda,
583 3753 630 3809 ex
657 3755 735 3829 quo
758 3729 813 3807 'eis
850 3727 1089 3829 prohibitum
1116 3726 1269 3826 aliquod
1307 3751 1384 3804 non
1421 3721 1498 3800 sue-

24 3890 26 3921 ,
152 3873 180 3916 „
204 3847 282 3905 rat:
310 3829 521 3907 Potuerunt
544 3830 676 3931 utique
696 3829 851 3909 Notarii
873 3828 1033 3908 scribere
1045 3830 1161 3907 verba
1181 3826 1399 3927 rogantium
1410 3847 1497 3903 eos:

152 3972 180 4014 n
202 3950 388 4036 quantum
415 3953 542 4011 autem
569 3933 697 4010 sidem,
710 3951 929 4011 mereantur
951 3931 1041 4013 talia
1061 3931 1196 4031 scripta
1221 3928 1359 4009 clarius
1379 3925 1431 4004 est
1452 3924 1500 4003 de

152 4071 181 4115 r:
205 4048 305 4138 rure.
331 4032 370 4139 Si
397 4054 526 4139 tamen
552 4036 599 4111 R.
628 4036 666 4112 Ρ.
694 4035 742 4110 V.
770 4036 875 4112 volet
901 4032 1120 4136 exemplum
1157 4033 1230 4111 hoc
1257 4052 1393 4130 negate
1421 4049 1498 4102 non

154 4171 181 4215 ,‚
204 4126 369 4241 intendit
396 4136 472 4243 ipsa
493 4135 765 4215 communitas
783 4135 919 4214 Utini:
947 4136 1065 4237 petias
1092 4132 1295 4237 praterea,
1321 4130 1359 4204 8(
1384 4123 1496 4205 frusta

154 4274 180 4316 „
205 4240 343 4326 pnnm‘,
370 4227 406 4305 8(
432 4230 544 4329 pillos
572 4237 717 4333 barban,
743 4236 854 4339 siqui
881 4238 968 4317 sunt
995 4234 1092 4337 apud
1117 4234 1288 4333 aliquos,
1306 4250 1381 4342 ,cur
1407 4250 1493 4340 eos,

150 4374 180 4416 n
204 4330 265 4405 vel
291 4354 335 4407 ea
360 4346 489 4408 tenere
516 4359 594 4406 non
620 4339 767 4429 possunt
794 4339 835 4417 in
862 4338 1089 4418 memoriam
1110 4335 1197 4412 Viri
1225 4334 1351 4420 bont,
1377 4348 1492 4405 amrct

146 4452 181 4520 ⁴„
205 4428 282 4527 Dei
299 4430 376 4527 ,lit
401 4429 597 4535 gratisfimi
621 4430 696 4511 toti
721 4431 814 4513 huie
835 4436 1044 4535 Populo‘in
1065 4435 1145 4526 eius
1165 4425 1425 4533 memoriam,
1450 4448 1495 4519 ut
1582 4486 1588 4497 ,

324 4574 331 4585 ·
1331 4582 1358 4627 rr
1377 4546 1444 4627 Pes
