3850 5342
476 409 532 497 54
681 378 781 471 'Da'
804 316 1186 469 Mouisrinuo
1216 383 1254 469 S.
1287 382 1481 470 Miiirn

462 535 642 615 Alterum
660 533 887 617 Lucensium
907 535 1091 640 Virorum
1102 535 1406 623 Confraterniras
1418 537 1472 623 ,de
1493 558 1568 640 qua
1587 558 1680 618 mox
1701 534 1762 616 su'·

412 635 484 715 lius
504 636 631 738 aliqua
651 638 775 718 dicere
797 665 873 716 non
895 641 959 717 abs
982 650 1021 717 re
1043 637 1122 716 sore
1145 637 1306 717 arbitror
1318 660 1336 716 .’

465 738 648 817 Tertium
672 738 836 840 denique
867 738 921 817 est
941 740 1146 819 Nobilium
1179 739 1398 818 Mulierum
1422 738 1560 820 devota
1591 736 1759 818 Societas

412 863 573 938 quarum
599 840 720 941 pietas
752 840 794 919 in
819 840 1032 920 recolendis
1055 838 1229 939 Virginis
1252 841 1427 942 Dcipara
1453 840 1650 921 doloribus
1682 863 1758 916 ma·

414 939 517 1017 xime
544 941 703 1038 elucet,
729 942 830 1019 unde
853 941 891 1020 8(
916 942 1069 1022 collatis
1092 941 1291 1023 affluenter
1316 943 1551 1022 eleemosinis
1578 937 1757 1019 nobilissr·

413 1064 520 1118 mam
540 1041 662 1120 Matri
688 1040 929 1122 moestiffimae
946 1069 1050 1123 aram
1069 1068 1118 1123 ex
1138 1042 1284 1123 seledlis
1306 1045 1559 1124 marmoribus
1583 1063 1759 1120 extruxe-

413 1160 503 1218 runt
528 1150 758 1243 a'nn01747.
787 1145 865 1223 Has
892 1165 934 1222 ut
961 1143 1101 1226 ardius
1132 1145 1171 1224 iri
1193 1144 1329 1225 Maria
1349 1146 1529 1224 dolorum
1548 1141 1757 1223 veneratio

413 1265 465 1318 ne
484 1242 658 1324 solidaret
680 1247 741 1325 Fr.
751 1244 944 1325 Antonius
955 1246 1247 1329 MariaCastelli
1268 1247 1424 1327 Ordinis
1436 1249 1639 1325 Servorum
1652 1242 1757 1322 Prior

415 1344 611 1424 Generalis
636 1347 727 1426 dato
750 1348 888 1425 Romae
910 1347 1120 1448 diplomate
1142 1375 1380 1450 annoi715.
1403 1348 1584 1428 omnibus
1608 1342 1760 1447 privile·

362 1506 369 1519 .
415 1442 490 1541 giis
514 1444 552 1522 8(
577 1447 706 1543 gratiis
732 1448 979 1545 cumulavit,
1001 1451 1141 1566 quibus
1164 1477 1301 1532 omnes
1323 1451 1406 1530 alia
1430 1444 1762 1549 Congregariones

413 1545 483 1622 sub
503 1546 675 1648 auspiciis
687 1548 909 1628 Bratiffimu
919 1550 1089 1651 Virginis
1111 1552 1246 1632 Mariae
1268 1552 1384 1632 titulo
1405 1554 1555 1654 Septem
1568 1547 1761 1660 Dolopum

414 1646 555 1759 assensu
578 1648 754 1728 Priorum
771 1651 1022 1731 Generalium
1041 1652 1173 1733 eredlae
1197 1653 1238 1731 8(
1256 1653 1472 1756 apostolicis
1495 1648 1765 1752 largitionibus

415 1745 543 1825 ditat-a
570 1749 657 1829 sunt
670 1752 697 1929 ¹(
708 1750 789 1849 Z).

450 1850 668 1966 ‘De-Lucen
684 1879 763 1931 iuni
783 1853 981 1935 sodalitate
1001 1857 1118 1935 modo
1135 1856 1266 1958 aliqua
1283 1853 1468 1937 exhibere
1489 1857 1624 1955 juvat,
1642 1867 1688 1928 ut
1708 1844 1766 1924 in·

304 1994 313 1999 -
417 1944 623 2030 stitutionis
642 1953 721 2049 ejus
743 1954 884 2034 veritas
901 1957 949 2034 ab
969 1958 1159 2037 erroribus
1179 1978 1385 2061 expurgata
1405 1956 1611 2037 elucescat.

506 2058 568 2128 De
587 2048 768 2132 Sodalitio
788 2050 914 2134 Vultus
933 2057 1066 2136 Sardi
1085 2083 1290 2157 nuncupato
1312 2056 1475 2139 nationis
1492 2050 1680 2157 Lucenfis.

466 2150 711 2265 Castruccius
731 2156 1034 2240 Antelminellus
1057 2187 1186 2242 retum
1203 2165 1317 2242 Luca:
1341 2162 1490 2264 potitus
1511 2177 1697 2238 trecentas
1722 2149 1760 2230 8(

414 2252 577 2350 amplius
601 2254 766 2337 familias
790 2261 885 2339 urbe
908 2262 1080 2363 expulit,
1103 2290 1186 2365 quae
1208 2265 1390 2345 Venetias
1413 2284 1541 2343 tutum
1568 2259 1609 2337 in
1635 2258 1763 2333 locum

417 2375 562 2470 magna·
579 2379 628 2434 ex
654 2378 757 2458 parte
783 2360 820 2439 se
846 2387 1092 2464 receperunt.
1117 2367 1346 2446 Sansovinus
1368 2387 1562 2467 perperam
1582 2355 1702 2439 asserit
1725 2350 1764 2431 id

420 2458 615 2569 contigisse
627 2462 731 2537 Anii.
747 2488 953 2563 1309.cum
974 2465 1164 2547 Nicolaus
1182 2466 1387 2568 Tegrimus
1414 2467 1487 2566 (a)
1507 2462 1662 2541 testetur
1673 2477 1766 2549 ¹10¹l·

416 2552 489 2668 nis
515 2581 617 2637 circa
640 2586 783 2642 annum
808 2592 823 2642 1
858 2593 917 2663 ις.
940 2565 1206 2649 Castruccium
1227 2594 1331 2649 arma
1352 2568 1509 2648 movisse
1529 2588 1620 2643 cum
1639 2561 1765 2670 Uguq·

416 2677 528 2736 tuone
552 2660 809 2776 liegudano.
875 2666 940 2748 inc
965 2661 1683 2772 nnrsto‘Vit(H„ApostohulZenoin
1711 2680 1765 2735 vu

415 2775 458 2870 ta
484 2759 593 2840 Pauli
613 2765 758 2844 Parutrr
783 2768 918 2846 eximii
943 2795 1074 2865 rerum
1104 2773 1339 2852 Venetarum
1366 2767 1567 2870 Scriptoris
1592 2791 1614 2843 a
1635 2759 1765 2842 Sanso

417 2879 513 2938 vino
537 2864 679 2944 recellit
704 2867 743 2946 8(
767 2870 975 2949 adventum
995 2872 1220 2952 Lucensium
1241 2873 1422 2953 Venetias
1447 2867 1576 2970 rejecit
1602 2865 1644 2944 in
1664 2867 1763 2942 Anu

419 2983 528 3072 i317.
557 2965 646 3080 Pari·
668 2969 787 3048 modo
809 2991 909 3050 errat
935 2973 1164 3054 Sansovinus
1191 2975 1283 3054 dum
1309 2974 1478 3054 recenset
1511 2970 1611 3048 inter
1636 2962 1768 3043 exules

416 3060 502 3139 illas
527 3062 692 3146 familias
710 3071 896 3153 Amadios
914 3075 1141 3176 Rodulphos
1161 3074 1589 3168 ArbotsanosSandeos‚
1617 3069 1658 3147 in
1678 3088 1767 3167 qua·

415 3184 503 3277 rum
528 3166 661 3247 locum
685 3170 859 3253 sufficere
881 3175 1009 3276 potius
1034 3178 1196 3258 debebat
1217 3180 1393 3273 Partitur,
1420 3175 1622 3267 Manzios,
1643 3172 1769 3268 Quar-

417 3280 609 3364 tigianos,
631 3273 902 3384 licentiores,
927 3277 1109 3378 saginas,
1131 3278 1302 3380 aliosque
1322 3278 1537 3380 complures
1562 3274 1682 3377 patria
1707 3293 1768 3351 ex·

419 3381 562 3475 torres,
591 3374 733 3469 quibus
755 3398 859 3457 certe
885 3378 1023 3460 Sandei
1050 3379 1323 3460 adnumerandi
1350 3398 1563 3459 nonerunt
1589 3400 1678 3456 cum
1706 3396 1768 3475 po

417 3482 494 3543 tius
520 3493 569 3546 ex
599 3472 776 3575 Tegrimi
798 3478 1018 3559 testimonio
1053 3478 1269 3562 Castruccii
1293 3481 1462 3584 partibus
1487 3478 1682 3560 faverint.
1709 3479 1770 3554 In-

420 3583 523 3646 terea
533 3572 717 3658 Lucenses
728 3581 961 3681 advenae'pro
973 3607 1016 3661 ea
1027 3581 1145 3661 animi
1170 3583 1464 3679 benevolentia,
1486 3609 1563 3684 qua
1583 3578 1771 3660 Ordinem

420 3665 1774 3786 &Qmwfflmmfflmmmssnmwwmstmmm

415 3765 535 3883 sibim
550 3777 719 3880 Templo
739 3783 811 3860 boc
822 3783 1057 3885 delegerunt.
1070 3787 1285 3867 Hincnihil
1296 3788 1438 3867 mitum
1449 3788 1551 3889 quod
1562 3711 1773 3865 domesticas

418 3865 530 3979 husus
548 3878 734 3959 Cornobii
755 3883 1031 3982 Epliemerides
1050 3887 1288 3991 frequentem
1299 3888 1525 3969 Lucensium
1535 3885 1773 3994 mentionem

359 4030 369 4045 .
417 3992 618 4089 ingerant2
642 4004 874 4082 quapropter
892 3987 1076 4088 quidquid
1087 3991 1133 4070 de
1153 3991 1203 4070 iis
1222 3990 1392 4070 asseritur
1412 4018 1491 4073 non
1512 3988 1626 4060 meris
1637 4000 1774 4058 nititur

414 4070 643 4168 comesturis
666 4079 728 4197 sed
754 4087 958 4166 autenticis
985 4092 1247 4171 monumentis
1271 4091 1474 4170 firmatur.
1501 4083 1620 4183 Quod
1651 4079 1772 4159 srfor·

416 4186 454 4248 te
480 4173 531 4252 ab
554 4176 780 4263 authoribus
804 4187 937 4289 magni
963 4192 1131 4272 nominis
1151 4191 1295 4277 alicubi
1306 4187 1540 4285 dissentiam,
1564 4208 1680 4265 exeo
1707 4183 1773 4264 liet

1615 4285 1722 4399 quod

458 4387 520 4466 (ς)
540 4394 653 4450 Rerum
674 4392 774 4447 lralle.
792 4401 899 4466 aeripr.
926 4384 1066 4451 formal.
