3850 5342
488 281 513 356 8
697 270 777 354 De
811 268 1188 350 MONASTERIO
1219 256 1256 343 S.
1292 260 1488 347 Mania

418 449 471 505 no
497 418 629 499 codice
666 416 707 494 in
738 412 978 492 Bibliotheca
999 411 1183 490 Coenobii
1210 412 1392 494 asservato
1418 413 1586 495 asseritur
1605 422 1768 511 ,Tema

412 515 520 622 plum
541 529 760 607 Servorum,
786 511 881 612 quod
907 510 946 587 iu
972 539 1018 589 ea
1043 510 1129 590 urbe
1158 515 1172 611 s
1184 512 1380 612 Veneriis)
1407 514 1604 615 magnifice
1629 515 1769 615 corispi:

417 621 513 732 citur
538 617 579 696 ira
604 614 773 697 honorem
793 610 952 711 Virginis
971 613 1044 715 sua
1070 612 1233 714 impensa
1259 613 1429 693 maxima
1455 617 1496 718 iu
1515 640 1624 716 parte
1650 615 1763 719 edifi-

423 744 551 801 cavrr.
1353 790 1357 797 .

486 820 618 899 Potior
654 842 783 901 tamen
817 820 985 921 pecuniae
1016 845 1098 920 pars
1129 820 1177 896 ad
1209 823 1379 921 amplum
1413 820 1450 901 8(
1485 819 1761 901 ornatissimum

418 923 628 1024 Templum
665 921 958 1002 construendum
985 946 1032 1001 ex
1060 921 1209 1022 piorum
1247 923 1517 1022 largitionibus
1543 922 1763 1019 emanavit,

417 1024 464 1101 ad
485 1049 575 1123 quas
603 1023 770 1102 uberiori
809 1024 948 1123 pietate
977 1024 1250 1124 promovendas
1277 1046 1360 1101 tum
1393 1025 1637 1101 Somniorum
1666 1025 1764 1105 Pori·

417 1122 601 1219 tillcum,
628 1123 933 1205 tumminorum
964 1125 1166 1204 Praesulum
1193 1123 1452 1221 Ecclesiastica
1478 1121 1686 1203 liberalitas
1713 1145 1762 1200 ex

417 1249 525 1323 aequo
546 1224 818 1323 decertarunt,
843 1253 1006 1328 quorum
1034 1225 1175 1325 primus
1198 1225 1334 1305 Beatus
1362 1225 1586 1305 Berrrandus
1607 1223 1761 1323 Aquile-

415 1322 955 1429 jenfisPartiarchaMartyrii
981 1328 1107 1406 laurea
1128 1325 1306 1426 insignis,
1333 1328 1425 1405 dum
1438 1324 1610 1405 Veneriis
1621 1323 1661 1403 in
1676 1324 1771 1411 Mo,

416 1422 579 1503 naslerio
601 1427 635 1504 S.
660 1428 817 1528 Georgii
839 1428 999 1527 Maioris
1025 1428 1070 1506 de
1097 1448 1175 1506 eret
1202 1453 1305 1505 anno
1338 1456 1441 1527 1344
1469 1427 1529 1506 die
1553 1455 1610 1526 24,
1625 1421 1765 1505 Martii

417 1517 618 1634 Ecclefiam
648 1535 684 1603 S.
708 1528 842 1609 Maria
871 1526 1031 1627 Majoris
1062 1452 1107 1606 rie
1126 1525 1284 1606 Veneriis
1316 1525 1463 1604 Ordinis
1495 1537 1692 1606 savarum
1722 1531 1772 1607 S..

415 1630 553 1702 Maria
574 1626 809 1708 visitantibus
819 1629 1066 1742 quadraginta
1077 1628 1224 1707 dierum
1236 1629 1518 1727 indulgentias,
1547 1625 1690 1707 statutis
1712 1623 1764 1702 sen

414 1721 646 1804 stivitatibus
671 1731 890 1830 aquirendas
912 1725 1193 1827 misericorditer
1215 1725 1427 1807 ieromiao
1448 1727 1632 1806 relaxavit
1659 1730 1672 1822 (
1683 1722 1769 1816 E).

415 1823 472 1900 Ur
498 1847 627 1906 autem
653 1829 699 1906 ad
725 1832 785 1909 sur
813 1831 909 1909 entis
945 1828 1103 1929 Templi
1129 1827 1386 1907 solemnitates
1411 1827 1558 1904 facilior
1585 1827 1765 1932 praebere·

415 1940 479 2001 tur
505 1927 653 2024 populis
680 1954 767 2006 acce
797 1956 839 2006 us
865 1955 968 2008 anno
995 1958 1100 2031 1353.
1128 1950 1284 2028 pontem
1320 1928 1425 2026 super
1453 1925 1548 2002 Divi
1570 1922 1768 2032 Martialis

415 2046 679 2137 nuncupatum
705 2027 832 2105 rivum
858 2028 1019 2131 propriis
1045 2027 1210 2131 expensis
1233 2026 1339 2107 Prior
1365 2026 1568 2110 &Fratres
1588 2026 1765 2120 Principe

415 2145 661 2221 permittente
688 2126 922 2208 struxerunt.
950 2133 1049 2231 (F)

464 2222 581 2303 Circa
603 2226 682 2342 haee
696 2248 875 2342 'tempora
886 2232 1049 2312 Lazarus
1062 2235 1237 2313 Lazarini
1250 2233 1390 2314 Veneti
1402 2236 1631 2314 Conventus
1643 2226 1762 2338 alum·

415 2345 486 2401 niis
513 2326 739 2440 aConutus
760 2333 1009 2412 Generalibus
1031 2335 1187 2416 Ordinis
1210 2336 1368 2413 Cretam
1390 2333 1558 2413 mittitur
1584 2354 1674 2409 cum
1696 2328 1764 2402 Vi-

416 2428 646 2539 cegeneralis
672 2428 811 2528 titulo,
836 2432 874 2511 8(
900 2434 1155 2531 authoritate,
1182 2456 1224 2513 ut
1250 2433 1351 2513 circa
1371 2435 1450 2532 ejus
1477 2433 1611 2512 Insula
1626 2431 1765 2509 Muna-

418 2518 551 2634 steria,
576 2552 621 2604 ea
646 2555 728 2627 quae
754 2531 821 2612 fibi
848 2533 948 2615 reela
975 2534 1454 2635 viderentur'disponeret.
1481 2531 1655 2613 Comitia
1668 2527 1770 2641 1le-t

415 2640 547 2700 tentiae
572 2651 781 2739 convocata
807 2632 912 2715 fuisse
938 2663 1017 2716 non
1044 2665 1145 2717 anno
1183 2664 1287 2736 1401.
1324 2656 1366 2714 ut
1392 2637 1553 2715 asserunt
1587 2634 1765 2708 Poecian-

415 2723 541 2837 rust&
562 2727 756 2828 Granius,
793 2732 853 2812 sed
879 2739 1006 2836 potius
1022 2752 1131 2818 'anno
1159 2736 1328 2837 sequenti
1356 2765 1461 2836 14oi.·
1485 2734 1665 2813 testantur
1687 2728 1764 2804 Ve-

416 2842 498 2899 neri
520 2823 1065 2939 Conventusephemerides,
1092 2865 1169 2939 quo
1195 2864 1297 2918 anno
1324 2863 1430 2917 more
1461 2840 1637 2915 Romano
1664 2851 1767 2938 coin·
1839 2911 1844 2920 ,

418 2943 552 3019 putato
584 2930 774 3013 Kalendis.
795 2937 990 3017 Februarii
1018 2940 1064 3017 ad
1088 2939 1333 3018 Cretensium
1359 2936 1642 3043 Coenobiorum
1657 2950 1766 3040 reg}-

416 3043 506 3135 mel!
538 3028 698 3125 matus
736 3037 901 3118 adleuus
927 3039 1030 3121 suit.
1077 3040 1169 3121 Haec
1207 3041 1260 3120 ita
1289 3069 1335 3120 ue
1359 3042 1601 3119 movereris
1622 3028 1766 3133 Dlasss}

414 3121 558 3230 colligo
576 3148 589 3202 ·:
633 3134 829 3224 14oil⁴ule
840 3140 1222 3227 mnffmw'r
1275 3128 1338 3206 edi
1362 3151 1486 3207 nauta
1511 3125 1574 3228 qui
1594 3144 1767 3224 portavit

415 3212 560 3298 litteras
585 3224 811 3318 (citatorias
838 3225 1010 3319 vocant)
1048 3221 1215 3325 Capituli
1236 3224 1455 3308 Generalis.
1494 3231 1530 3311 8(
1553 3222 1766 3330 paulopost

327 3406 335 3424 ὁ
416 3320 655 3429 adurensem
683 3324 878 3403 Februarii
906 3326 1015 3405 circa.
1042 3327 1157 3406 finem
1180 3386 1189 3404 .
1215 3338 1311 3405 Item
1348 3325 1666 3503 dedistarribus,
1702 3321 1767 3423 qui
1876 3338 1880 3344 “

416 3444 566 3530 ruerunt
592 3421 642 3500 aa
662 3420 873 3521 Capitulum
894 3421 1074 3506 Generale
1100 3425 1316 3523 Florentia,
1346 3424 1438 3505 uide
1455 3426 1527 3507 icet
1548 3425 1690 3522 Priori,
1715 3423 1766 3504 (J

415 3519 753 3619 Discretisduraros
771 3554 894 3606 aureos
915 3554 1002 3606 xxx.
1025 3528 1136 3627 causa
1155 3523 1267 3604 eundi
1292 3524 1341 3607 (J
1362 3525 1555 3607 redeundi.
1582 3532 1689 3608 Cum
1703 3552 1766 3605 ve·

414 3642 458 3697 ro
486 3623 618 3703 eodem
646 3653 746 3707 anno
773 3627 814 3707 in
841 3632 968 3709 mense
997 3628 1100 3727 Julio
1128 3652 1250 3709 novus
1283 3627 1389 3707 Prior
1412 3631 1611 3711 Generalis
1637 3628 1763 3729 Magi·

421 3716 492 3833 ster
514 3725 704 3808 Antonius
731 3730 775 3808 de
797 3730 971 3808 Bononia
993 3726 1174 3807 Veneriis
1198 3729 1391 3831 appulisset
1413 3733 1469 3810 sui
1492 3733 1611 3813 officii
1632 3732 1771 3826 eausa,

416 3819 476 3929 die
503 3851 557 3921 17.
580 3827 743 3927 ejusdem
771 3831 902 3908 menss
924 3829 967 3906 in
987 3827 1230 3929 conspesium
1254 3831 1437 3933 Principis
1458 3835 1495 3915 se
1516 3835 1641 3915 dedit:
1656 3826 1766 3937 Julii

416 3915 477 3997 die
503 3951 556 4021 17.
576 3940 646 4007 Pro
668 3930 805 4009 duabus
836 3925 978 4007 bacris
999 3957 1110 4027 quum
1130 3942 1244 4010 Pater
1272 3927 1462 4014 Generalis
1495 3936 1571 4015 ivit
1600 3934 1650 4013 ad
1677 3930 1765 4035 vifi-

416 4020 573 4136 tardum
594 4029 833 4110 Dominium.
860 4035 975 4109 Anno
1002 4030 1129 4131 itaque
1166 4033 1369 4114 millesimo
1395 4035 1764 4138 quadringentesimo

420 4148 542 4225 primo
565 4132 723 4211 Cretam
751 4132 859 4235 petiit
887 4130 1166 4230 supralaudatus
1187 4136 1383 4233 Lazarus,
1421 4160 1462 4216 ut
1482 4140 1517 4215 S.
1542 4136 1648 4216 Pauli
1676 4136 1762 4214 alia·

412 4250 484 4326 que
503 4234 628 4337 Regni
658 4232 846 4321 Cretense
875 4231 1091 4330 Coenobia,
1127 4260 1209 4338 quae
1236 4263 1256 4321 a
1279 4238 1430 4323 Veneto
1456 4239 1597 4323 Sarislae
1619 4238 1762 4421 &laria

1671 4368 1710 4420 0⁴
