3850 5342
481 385 721 479 onoruri
749 376 1049 479 Sannorum
1082 386 1264 477 B.MV.
1425 392 1483 477 21²

178 531 321 628 'tatum
348 532 549 648 agnomine
576 544 689 624 tradit
711 544 870 626 Gianius
892 545 1078 627 adledium
1099 546 1202 626 fuisse
1216 544 1538 629 Penitentiarium'

186 647 452 729 Lateranensrs
472 646 633 727 Bastlicae
655 674 668 742 3
694 670 827 727 verum
854 672 900 728 ex
922 649 1139 750 Apostolico
1151 647 1317 727 Martini
1328 649 1375 724 V.
1407 646 1540 749 Diplo-

185 771 320 845 mate,
344 749 443 851 quod
469 773 517 827 ex
540 748 777 850 autographo
804 750 845 827 in
866 751 1038 830 Archivo
1065 750 1217 849 hujusce
1242 747 1470 827 monasterii
1492 748 1541 827 as-

183 851 342 930 servato
368 851 407 928 in
430 851 554 930 lucem
568 848 812 951 proferimus,
832 851 929 930 clare
943 849 1460 951 innotescitsupralaudatum
1476 852 1542 929 Pe·

184 968 297 1031 trum
324 977 370 1031 ex
395 953 519 1031 Gente
540 945 688 1029 Nicolai
714 972 842 1031 ortum
869 952 1033 1032 habuisse
1060 954 1096 1031 8(
1123 953 1168 1030 ad
1190 953 1415 1032 Vaticanam
1427 953 1462 1029 S.
1475 953 1540 1030 l’e-

176 1051 239 1128 tri
265 1053 459 1132 Basilicam
485 1051 705 1153 assignatum
732 1051 835 1131 luisse
867 1053 1214 1147 Penitentiarium3
1249 1079 1319 1134 nec
1346 1052 1540 1132 immerito

173 1151 310 1231 etiam
332 1154 502 1255 arguitur
520 1180 608 1231 eum
631 1152 827 1234 eleblionis
847 1155 918 1235 sua
940 1177 1108 1258 tempore
1131 1155 1311 1235 Venetias
1331 1153 1488 1335 degisse.

239 1310 269 1350 ‚‚
299 1255 491 1335 Martinus
512 1256 718 1357 Episcopus
738 1256 875 1337 Servus
901 1258 1105 1337 Servorum
1131 1257 1237 1340 Dei.
1277 1256 1367 1336 Dile
1406 1250 1541 1334 ofilio

171 1384 214 1450 ·‚‚
245 1358 359 1434 Petro
385 1356 538 1435 Nicolai
565 1356 610 1435 de
637 1358 742 1436 Urbe
769 1358 925 1438 Ordinis
960 1360 1135 1440 Fratrum
1162 1360 1384 1439 Servorum
1404 1354 1539 1435 sanate

171 1466 215 1552 '‚,
248 1457 375 1535 Marie
402 1456 439 1533 8(
473 1458 690 1558 Theologie
715 1456 906 1558 professori
932 1461 1103 1540 Salutem
1128 1460 1166 1540 8(
1192 1458 1448 1562 Apostolicam
1469 1458 1539 1536 Be·

170 1564 212 1652 '„
243 1558 521 1635 nedisiionem.
546 1558 763 1657 Religionis
784 1560 889 1639 zelus
901 1559 1112 1640 litterarum
1123 1560 1283 1641 sciencia
1296 1560 1374 1641 vite
1400 1559 1438 1638 8(
1458 1584 1539 1653 mo

62 1734 67 1743 ,
182 1678 332 1751 „rum
361 1656 532 1735 honestas
558 1658 760 1756 prudencia
786 1685 935 1759 quoque
961 1660 1212 1761 spiritualium
1240 1689 1283 1740 ac
1309 1661 1382 1739 alia
1408 1658 1539 1739 multi

167 1792 212 1853 ·„
243 1758 359 1855 plicia
384 1758 484 1834 dona
509 1756 696 1834 virtutum
723 1756 861 1855 quibus
886 1760 1213 1859 personam'tuam
1241 1782 1351 1859 prout
1378 1785 1424 1838 ex
1450 1760 1540 1836 fide·

178 1855 447 1957 „dignorum
476 1855 701 1935 testimoniis
725 1859 960 1957 percepimus
983 1860 1177 1936 Dominus
1204 1859 1432 1959 infignivit‚
1469 1883 1538 1934 nos

180 2009 211 2052 ,‚
240 1957 428 2036 inducunt
454 1976 497 2035 ut
523 1978 561 2036 te
588 1958 785 2058 condignis
811 1957 1004 2037 favoribus
1039 1960 1077 2038 8(
1103 1958 1239 2057 graciis
1267 1961 1531 2037 honoremus.

180 2110 210 2153 „
240 2057 346 2137 Hinc
371 2059 423 2137 est
448 2060 549 2158 quod
575 2058 644 2138 nos
670 2061 716 2137 de
743 2060 897 2160 persona
919 2082 983 2138 tua
1003 2058 1167 2162 predidla
1189 2058 1447 2167 premissorum
1469 2060 1534 2136 ob-

172 2190 210 2255 ·„
241 2179 349 2238 tentu
376 2160 527 2260 plenam
564 2159 793 2247 indomino
817 2161 996 2240 fiduciam
1023 2162 1241 2241 obtinentes
1267 2180 1304 2239 te
1336 2159 1401 2260 qui
1433 2186 1532 2261 pres-

181 2312 210 2354 „
240 2258 352 2362 bytdr
378 2261 534 2341 &sacre
557 2260 774 2364 Theologie
796 2262 977 2442 professor
1003 2262 1128 2342 existis
1154 2260 1196 2339 in
1217 2261 1420 2340 minorem
1427 2262 1532 2361 peni-

177 2413 207 2455 ‚,
237 2361 458 2440 tentiarium
486 2360 653 2442 nosirum
679 2388 769 2444 cum
824 2364 1040 2462 onoribus‚
1076 2365 1114 2443 8(
1141 2363 1318 2442 oneribus
1344 2361 1532 2441 consuetis

148 2558 151 2562 μ
178 2514 208 2556 ‚‚
237 2462 279 2540 in
299 2462 454 2543 Basilica
480 2465 661 2566 principis
682 2462 957 2571 Apostolorum
977 2467 1023 2545 de
1045 2468 1150 2546 Urbe
1172 2468 1423 2563 Romanaque
1449 2464 1529 2549 Cu-

176 2615 207 2656 „
235 2563 291 2641 ria
317 2564 538 2645 audlorirate
561 2567 777 2667 Apostolica
803 2589 934 2647 tenore
960 2567 1189 2669 presentium
1216 2564 1374 2646 facimus
1394 2563 1529 2644 consti·

178 2713 208 2756 ‚‚
238 2664 380 2745 tuirnus
417 2667 600 2747 &eciam
627 2669 852 2768 deputamus
879 2668 1025 2770 tibique
1051 2667 1297 2748 concedimus
1325 2686 1367 2744 ut
1404 2666 1526 2761 hujus·

178 2814 207 2857 ‚‚
236 2763 341 2841 modi
362 2766 532 2845 officium
555 2770 596 2848 in
617 2769 758 2849 eisdem
779 2770 933 2850 Rasrlica
959 2771 1136 2849 &Curia
1162 2793 1333 2849 exercere
1356 2764 1464 2866 pollis
1489 2764 1528 2841 8(

57 2938 65 2951 ,
178 2866 359 2958 „valeas
396 2866 487 2946 ficut
514 2868 581 2946 alii
608 2870 721 2948 nostri
750 2871 790 2947 in
818 2870 892 2970 ipsa
917 2871 1039 2948 Curia
1065 2871 1231 2949 minores
1268 2862 1527 2969 penitentiarii

181 3016 209 3058 „
236 2966 333 3045 illud
359 2967 503 3046 ibidem
530 2995 657 3068 gerere
685 2971 962 3046 consueverunt
989 2970 1026 3045 8(
1048 2970 1164 3047 eriam
1185 2994 1378 3046 exercere.
1407 2968 1524 3043 Volu÷

175 3115 204 3158 „
235 3092 320 3144 mus
346 3088 473 3144 autem
499 3070 601 3168 quod
627 3086 829 3166 antequam
854 3067 1026 3145 officium
1052 3068 1174 3165 ipsum
1201 3067 1358 3167 incipias
1379 3088 1525 3144 exerce*

173 3218 203 3258 ‚‚
231 3192 272 3244 re
306 3167 349 3243 in
376 3168 550 3244 manibus
577 3168 816 3247 Venerabilis
853 3167 975 3246 sratris
1011 3167 1125 3247 nostri
1161 3168 1313 3269 Jordani
1345 3163 1525 3267 Episcopi

180 3311 209 3354 „
236 3266 457 3344 Albanenfis
483 3267 634 3364 majoris
661 3268 920 3368 penitentiatii
948 3269 1062 3347 nostri
1080 3271 1125 3347 de
1148 3267 1364 3367 hujusmodi
1390 3266 1521 3345 officio

172 3405 208 3457 *„
235 3359 397 3444 fideliter
408 3370 616 3448 exercendo
639 3369 782 3469 prastes
804 3369 1049 3471 corporaliter
1071 3371 1325 3469 juramentum
1339 3369 1441 3467 juxta
1452 3366 1524 3480 sor-

178 3513 207 3557 ‚,
233 3487 335 3576 mam
365 3470 594 3565 presentibus
620 3491 862 3568 annotatam,
888 3496 961 3571 que
989 3473 1075 3550 talis
1101 3472 1170 3551 est.
1198 3473 1282 3572 Ego
1303 3474 1435 3549 Petrus
1455 3469 1524 3547 Νι-

177 3614 206 3657 ‚,
231 3566 330 3642 colar
358 3567 420 3643 de*
439 3572 546 3648 Urbe
572 3575 680 3673 presb
712 3593 767 3652 ter
793 3575 829 3651 8(
857 3574 957 3651 sacre
988 3574 1178 3673 Teologie
1210 3599 1252 3651 ac
1285 3569 1427 3648 ordinis
1456 3568 1524 3646 sra-

176 3716 204 3757 ‚,
232 3685 334 3744 trum
354 3668 565 3748 >Servorum
592 3675 667 3751 San
707 3696 727 3749 e
755 3674 882 3752 Maris
909 3674 1085 3773 professor
1110 3672 1259 3751 domini
1286 3669 1400 3750 nostri
1428 3671 1526 3770 Papa

176 3816 205 3859 „
231 3770 557 3867 penitentiarum,
595 3778 641 3852 ab
671 3772 740 3853 linc
768 3776 860 3853 hora
888 3777 1064 3854 inantea
1091 3775 1212 3853 fidelis
1238 3800 1303 3853 ero
1331 3774 1444 3851 beato
1461 3773 1526 3850 Pe·
1643 3776 1646 3782 ’

176 3918 203 3958 „
228 3888 291 3946 tro
312 3872 516 3970 Sansleque
536 3870 711 3954 Romarle
733 3876 952 3955 Ecclefieac
966 3876 1124 3954 domino
1145 3902 1233 3954 meo
1253 3873 1527 3955 dominoMare

177 4012 203 4053 a
228 3970 310 4049 rino
333 3974 428 4072 Pape
442 3974 488 4048 V.
511 3972 661 4073 ejusque
683 3976 946 4055 successoribus
966 3976 1145 4057 canonice
1168 3976 1419 4068 intrantibus,
1447 3996 1526 4049 non

179 4110 206 4156 n
224 4086 296 4138 ero
321 4072 363 4138 in
388 4072 485 4153 fauo
511 4075 669 4153 consilio
696 4078 756 4154 vel
783 4079 1094 4179 consensuquod
1121 4079 1240 4156 vitam
1278 4078 1432 4180 perdant
1457 4091 1524 4148 aut

179 4212 206 4255 ‚‚
233 4165 447 4259 membrum
473 4177 535 4271 vel
561 4178 756 4349 capiantur
783 4181 882 4256 mala
909 4182 1089 4296 capcione
1117 4180 1315 4259 consilium
1336 4173 1435 4275 quod
1457 4192 1522 4273 ptr

179 4296 206 4358 'n
232 4264 267 4340 se
296 4265 357 4343 vel
379 4268 577 4347 Nuncium
620 4276 967 4360 uun'r'seulittens
993 4282 1114 4361 michi
1140 4278 1318 4360 credituri
1345 4271 1453 4362 lunt,
1480 4267 1521 4344 sl·

182 4412 207 4459 „
235 4391 310 4467 gno
337 4370 455 4448 verbo
480 4372 541 4451 vel
568 4396 757 4459 nutume
774 4381 913 4470 sciente
935 4376 1336 4458 adeorumdamnum
1359 4372 1521 4550 Vsid'l'fe‘·

1327 4528 1354 4573 n
1380 4498 1417 4573 Ju
1444 4496 1471 4551 ¹·
