3850 5342
413 391 497 479 134
634 358 715 441 De
745 354 1023 439 Ecctcsra
1054 350 1407 440 P'auoctrtntt

349 515 509 620 poribus
535 507 686 590 defuisse
713 500 954 608 impostores.
982 504 1092 583 Novi
1116 505 1259 585 exalia
1283 505 1356 585 hoc
1377 504 1446 582 esse
1467 499 1605 581 divina
1625 523 1708 605 pro·

352 613 532 696 videntia
557 608 757 690 confilium
791 628 835 685 ut
860 606 1076 687 rudioribus
1102 605 1300 709 magisque
1325 600 1535 709 depravatis
1568 603 1708 683 saeculis

351 715 556 819 infigniora
568 711 750 790 miracula
767 728 1028 811 perpetrentur
1048 709 1098 787 ad
1111 707 1379 806 excitandam,
1399 705 1648 806 alendamque
1668 701 1708 782 fi-

357 820 470 899 dem.
490 812 754 912 injuriusDeo
777 811 892 907 esset,
917 809 985 910 qui
1013 809 1092 890 hac
1117 809 1247 889 omnia
1273 830 1451 911 negaret,
1476 829 1515 885 at
1542 803 1707 886 levitatis

352 920 449 1001 esset
473 913 786 1017 redarguendus,
810 910 877 1013 qui
905 910 1039 990 clausas
1063 911 1187 992 oculis
1210 913 1340 992 omnia
1363 910 1551 1011 intrepide
1584 906 1709 1007 deglu·

355 1021 467 1103 tiret.
502 1020 612 1096 Dum
639 1015 703 1094 hic
726 1013 846 1116 igitur
865 1013 929 1092 vel
954 1011 1048 1092 alibi
1070 1014 1217 1114 aliquid
1242 1016 1407 1095 exhibeo
1430 1009 1606 1116 populari
1633 1028 1710 1087 tan·

356 1142 443 1202 tum
469 1117 667 1199 traditioni
693 1116 894 1210 innixum,
919 1114 1006 1193 ideo
1032 1113 1156 1213 sacio,
1181 1141 1230 1195 ne
1256 1139 1320 1197 aut
1345 1112 1521 1216 ignorare
1546 1110 1710 1204 videar,

359 1222 464 1325 quod
487 1219 670 1299 omnibus
695 1238 832 1297 notum
858 1215 934 1315 est,
960 1236 1026 1296 aut
1048 1217 1304 1320 inopportune
1330 1214 1577 1296 diffimutare.
1615 1215 1714 1291 Inte·

358 1323 427 1404 rea'
450 1346 517 1423 per
542 1347 609 1401 me
630 1346 677 1400 eo
702 1320 790 1399 loco
816 1343 896 1398 rem
918 1319 993 1399 esse
1019 1316 1144 1417 iicet,
1168 1345 1283 1423 quem
1307 1337 1565 1420 promeretur.
1593 1315 1712 1393 Penes

357 1419 604 1530 prudentium
629 1420 849 1502 criticorum
870 1418 1014 1521 judicia
1036 1420 1082 1503 sit
1108 1422 1154 1503 de
1180 1422 1339 1505 veritate
1364 1422 1429 1502 vel
1449 1416 1605 1499 sassttate
1637 1415 1717 1495 sen·

226 1604 232 1610 .
361 1525 527 1607 tentiam
550 1524 670 1604 serre.
1595 1556 1599 1561 -

412 1626 581 1708 Nicolao
606 1625 719 1725 hujus
744 1622 911 1706 nominis
936 1626 1088 1727 Quarto
1110 1622 1215 1704 Petri
1238 1626 1372 1705 Sedem
1394 1640 1549 1703 tenente
1569 1614 1611 1733 in
1632 1613 1717 1699 Ari·

365 1726 529 1806 minenst
555 1750 645 1828 agro
668 1724 793 1807 Pastor
817 1727 971 1828 quidam
999 1727 1156 1811 nomine
1177 1727 1352 1807 Rusticus
1380 1725 1467 1805 vita
1494 1724 1717 1826 probitate,

363 1829 403 1908 ἃ
429 1828 569 1907 eximia
592 1829 633 1905 in
652 1828 854 1928 Virginem
877 1828 1047 1908 Matrem
1066 1827 1208 1929 pietate
1227 1826 1430 1929 praeditur,
1456 1851 1545 1906 cum
1556 1822 1717 1926 quadam

366 1929 427 2007 die
455 1929 581 2008 aesiivo
604 1949 778 2030 ternpore
802 1954 895 2007 oves
920 1952 1039 2032 prope
1061 1929 1295 2008 decurrentis
1319 1954 1424 2043 aqua
1450 1926 1548 2029 ripas
1574 1924 1619 2001 ad
1648 1919 1720 2022 pas·

360 2038 439 2109 'cua
465 2029 649 2125 duxisset,
674 2051 717 2107 ut
742 2028 971 2109 meridianos
992 2027 1091 2110 Sosis
1116 2024 1240 2108 radios
1263 2028 1471 2110 decimaret
1497 2028 1565 2106 sub
1587 2025 1721 2138 umbra

364 2130 557 2228 consedit,
582 2129 712 2231 ibique
733 2127 884 2222 Divino
906 2152 1030 2228 nutu,
1052 2129 1217 2231 antiqua
1238 2127 1381 2210 arboris
1403 2129 1567 2231 stipitem
1578 2121 1722 2227 ahquid

367 2231 409 2310 in
440 2232 476 2310 se
514 2232 690 2310 humana
726 2231 853 2330 figurae
889 2230 1115 2312 referentem
1141 2232 1355 2335 conspexit.
1392 2232 1449 2308 Ea
1476 2230 1626 2332 igitur,
1651 2247 1723 2328 qua

368 2330 450 2410 Dei
477 2331 718 2413 Genitricem
743 2332 1060 2447 prosequebatur,
1081 2333 1290 2427 devotione
1316 2332 1425 2413 issico
1451 2331 1659 2413 excitatum
1688 2327 1722 2419 se

370 2431 504 2529 senfit,
541 2453 584 2510 ut
611 2432 784 2531 quamvis
809 2456 900 2512 attis
925 2434 1091 2513 omnino
1115 2432 1314 2534 imperitus
1339 2459 1435 2537 opus
1461 2461 1483 2512 a
1510 2453 1643 2511 natura
1668 2429 1722 2507 in·

369 2554 526 2634 ceptum
552 2533 782 2634 perficeret,
808 2534 845 2612 8(
870 2558 918 2613 ex
944 2535 1098 2615 insormi
1124 2559 1219 2637 pene
1244 2536 1354 2636 ligno
1380 2533 1554 2638 Virginis
1579 2531 1723 2611 fimuia·

366 2657 476 2714 crum
502 2633 777 2714 conformaret.
803 2634 943 2715 Labori
969 2636 1096 2740 itaque
1118 2661 1252 2716 manus
1276 2636 1483 2718 admovens
1504 2633 1724 2716 soemineant

366 2734 526 2834 figuram
554 2761 601 2815 eo
625 2737 741 2838 usque
767 2736 945 2835 deduxit,
970 2759 1015 2817 ut
1041 2739 1118 2818 sola
1144 2738 1256 2818 facies
1282 2739 1455 2856 (quippe
1474 2735 1630 2834 majoris
1656 2735 1724 2813 stu·

367 2834 458 2945 dii)
484 2834 718 2917 efformanda
741 2836 959 2940 superesset.
986 2840 1096 2918 Dum
1121 2837 1242 2940 igitur
1266 2859 1449 2922 attentans
1475 2839 1575 2918 hanc
1602 2834 1722 2938 operis

368 2958 516 3039 partem
538 2938 783 3040 aggreditur,
806 2938 920 3020 nodie
945 2940 1149 3042 ingruente
1174 2966 1260 3020 eam
1286 2942 1414 3023 minua
1438 2939 1643 3043 perfeetam
1670 2960 1722 3016 re·

369 3034 542 3151 sinquere
568 3038 718 3119 coaetus
744 3039 816 3138 est,
842 3042 889 3120 ad
910 3066 1034 3143 quam.
1045 3042 1138 3123 dum
1163 3038 1340 3145 postridie
1357 3062 1471 3124 mane
1491 3038 1724 3145 regreditur,

370 3161 574 3240 incaptum
594 3142 746 3221 vultum
773 3141 871 3221 foede
892 3143 1147 3222 deformatum
1169 3144 1362 3229 indoluit:

415 3236 601 3354 §umque
628 3242 702 3324 hoc
728 3242 788 3323 ilii
812 3266 862 3320 ex
889 3242 1036 3344 antiqui
1062 3243 1211 3324 inimici
1239 3248 1378 3342 rabie,
1402 3246 1469 3347 qui
1492 3245 1538 3325 de
1553 3243 1724 3342 ejusdem

373 3338 547 3440 Vtrgtnis
572 3342 716 3424 uirtute
735 3342 879 3523 aliquid
900 3343 968 3422 srbi
990 3344 1083 3424 mali
1104 3347 1334 3446 metuebat,
1359 3347 1499 3428 iterato
1525 3345 1731 3439 evenisset,

372 3439 421 3520 ab
442 3466 553 3543 opere
574 3442 643 3523 fibi
662 3446 783 3526 cessan
812 3469 875 3522 um
897 3445 1058 3525 omnino
1077 3446 1266 3527 decrevit.

422 3541 531 3622 Dum
555 3543 599 3624 in
627 3546 698 3625 hac
724 3544 842 3648 igitur
861 3546 1006 3626 defixus
1031 3548 1266 3649 cogitatione
1297 3549 1409 3630 anxia
1427 3546 1604 3654 quamuis
1622 3571 1726 3628 men

372 3660 412 3721 te
432 3647 621 3743 versatur,
646 3673 735 3728 ecce
761 3669 1013 3750 apparuerunt
1030 3651 1109 3730 duo
1123 3649 1243 3831 pueri
1269 3653 1381 3732 vultu
1402 3653 1563 3748 decori,
1587 3651 1627 3729 8(
1649 3649 1726 3762 spe

372 3742 692 3862 cuspidibus,
715 3748 783 3849 qui
810 3750 846 3829 se
873 3748 946 3829 iter
967 3753 1097 3831 errasse
1152 3774 1332 3854 ugentes,
1356 3754 1448 3835 dum
1475 3755 1626 3835 causam
1647 3774 1726 3848 ertu

370 3845 532 3961 trasitttae
558 3870 702 3927 mterro
752 3868 818 3945 nt,
843 3853 892 3930 ab
918 3876 989 3949 eo,
1015 3876 1057 3932 ut
1080 3853 1165 3954 ipss
1186 3881 1279 3956 opus
1301 3856 1420 3937 tradat
1432 3854 1728 3957 perficiendum,

371 3969 601 4122 ¹exquirunt.
627 3951 689 4029 Ad
745 3977 795 4031 aec
812 3951 990 4034 Rusticus
1015 3957 1116 4055 quast
1139 3955 1323 4035 insanium
1346 3981 1549 4058 puerorum
1567 3954 1728 4037 irrideor

378 4068 420 4124 te
457 4069 487 4121 o
503 4048 655 4129 tramite
682 4051 874 4150 indicam,
901 4077 944 4134 ut
970 4080 993 4134 a
1018 4055 1257 4137 sediscedant
1278 4058 1476 4154 hortatum
1502 4084 1573 4138 nec
1601 4078 1728 4136 tamen

377 4170 399 4261 a
425 4144 565 4264 labore
576 4151 739 4265 desiitit,
763 4155 939 4257 quinimo
960 4182 1164 4257 puerorum
1176 4181 1270 4240 voce
1282 4160 1516 4241 confortatus
1538 4161 1631 4239 dum
1651 4181 1727 4236 rna·

376 4271 446 4351 pon
474 4244 594 4364 studio
619 4274 785 4356 incoepta
797 4258 974 4358 persiceto
985 4278 1169 4355 conatur,
1194 4258 1317 4343 podiis
1343 4264 1479 4343 umbra
1504 4261 1645 4342 iterum
1668 4261 1726 4337 inb

377 4364 610 4439 tetvetuente
636 4356 685 4437 ab
709 4384 823 4461 opere
849 4360 1181 4475 mauturentorit
1196 4418 1222 4447 .,
1240 4362 1366 4449 Mane
1391 4363 1489 4469 sedin
1516 4384 1558 4444 ut
1596 4387 1645 4444 ex
1670 4361 1725 4439 in·

1563 4482 1672 4563 tegre
