3850 5342
450 430 488 514 Se
520 429 856 515 Hreaourur
887 431 1198 518 Doesonts.
1353 451 1433 539 113

152 581 201 663 δ’
224 576 523 678 incorporandum
548 577 647 658 dieo
678 578 897 687 Monallerio
922 582 972 663 (J
990 574 1203 662 subventori
1221 578 1351 659 senui
1369 578 1494 660 Hiero·
1621 591 1628 613 ·'

149 710 175 759 n
200 679 255 757 mi
274 677 321 761 de
339 678 496 759 Veneriis
516 683 584 781 effe
609 681 800 780 decrevit,
825 685 1093 786 mandavitque
1119 684 1268 784 insuper
1294 678 1398 760 disse
1420 679 1493 759 Ab·

150 708 289 883 dtiffae
312 785 362 862 Cf
392 781 602 861 Convenrui
630 793 668 861 S.
690 783 908 889 Hieronymi
937 809 1005 884 pro
1041 806 1201 882 tempore
1227 780 1496 887 existentibus,

149 905 325 994 quatenus
349 879 478 963 taliter
498 882 594 961 didio
606 885 836 987 Monesierio
855 895 893 964 S.
913 884 1070 967 Andreae
1090 882 1289 986 providere
1299 881 1496 982 deberem,
1515 942 1544 977 ἲ

150 1010 196 1064 ne
198 983 295 1163 lim
309 983 549 1084 fraudaretur
569 984 744 1086 obsequiis
770 989 871 1089 (K).

235 1110 260 1162 x
287 1085 503 1165 semidiruta
523 1087 689 1164 Ecclefia
711 1091 746 1166 S.
768 1090 929 1171 Andreae
950 1088 1189 1169 Himanensrs
1215 1086 1368 1186 antiqua
1395 1108 1492 1164 mar-

147 1210 255 1264 mora
276 1187 416 1266 Senatu
442 1188 596 1285 jubente
621 1188 778 1270 deduiia
802 1192 912 1288 sunt,
936 1193 1074 1293 quibus
1100 1189 1259 1269 Ducalis
1285 1187 1499 1266 DiviMar·

148 1284 185 1366 ci
202 1286 357 1366 basilica
383 1289 505 1389 aptius
531 1288 780 1390 reficeretur,
816 1291 993 1394 allignata
1030 1292 1126 1393 aequi
1153 1289 1264 1392 pretii
1291 1288 1449 1390 pecunia
1475 1311 1499 1366 a

148 1386 460 1501 Procuratoribus
496 1388 600 1489 operi
627 1389 724 1472 Divi
750 1392 878 1475 Marci
911 1392 1113 1500 praepofitis
1139 1389 1374 1476 Monaslerio
1398 1386 1498 1472 Divi

150 1486 385 1590 Hieronymi
409 1490 609 1571 solvenda.

199 1747 278 1859 Cdo
301 1744 335 1827 li
353 1753 583 1833 Procuratori
607 1754 650 1837 di
667 1763 846 1836 aMarco
871 1754 984 1837 diano
1009 1752 1051 1833 in
1075 1753 1270 1861 elemoſsna
1291 1748 1414 1831 alcuni
1434 1747 1500 1829 da·

149 1872 236 1924 nari
264 1841 338 1959 olle
363 1853 549 1933 Monache
574 1855 614 1936 di
643 1867 681 1936 S.
703 1853 895 1938 Gerolamo
915 1880 984 1957 per
1008 1856 1169 1956 mermi,
1194 1850 1382 1949 colimne,
1407 1879 1427 1930 e
1451 1848 1502 1929 le·

147 1974 280 2060 gnainf
305 1945 546 2033 levatidalla
564 1957 737 2060 rovinosa
756 1955 889 2059 Cbiesa
913 1988 934 2038 e
952 1967 1071 2038 Mona
1101 1956 1216 2039 erodi
1235 1950 1434 2035 &Andria
1454 1948 1500 2031 de

151 2053 290 2148 Mam,
316 2049 408 2134 onde
427 2083 493 2135 con
513 2053 587 2163 tili
607 2061 685 2160 cose
705 2058 940 2141 accomodare
959 2054 1002 2138 la
1021 2068 1052 2140 C
1078 2057 1155 2162 iesa
1175 2057 1217 2140 di
1236 2069 1273 2136 S.
1295 2066 1449 2136 Marco.

195 2200 315 2314 Anno
332 2202 656 2318 ‚Mc‘cccxxxxvu
683 2210 743 2289 die
767 2233 818 2288 rx.
839 2208 931 2311 Julii
958 2207 1185 2290 eledionem
1196 2205 1356 2288 Ceciliae
1375 2202 1501 2284 delie-

146 2298 303 2379 oeneus
330 2309 623 2418 inAbbatissam
650 2311 842 2391 ordinaria
867 2311 1100 2392 authoritate
1126 2307 1349 2413 approbavit
1376 2307 1500 2406 supra·

147 2395 319 2510 laudatus
329 2406 456 2488 Dtvus
466 2411 691 2493 Laurentius
702 2412 932 2514 (L)‚atque
943 2412 1078 2493 deinde
1091 2413 1135 2489 ad
1148 2432 1290 2491 annum
1307 2410 1501 2488 Mccccr..

148 2496 209 2577 dre
228 2514 326 2580 xxti.
348 2507 578 2608 Septembris
604 2516 765 2593 alteram
792 2513 1031 2614 Magdalcnae
1057 2514 1288 2594 Contarena
1314 2509 1355 2589 in
1382 2509 1501 2623 digni-

146 2613 265 2712 tatem
276 2606 478 2688 Abbatilsae
505 2614 758 2713 pradesundiae
779 2616 939 2695 Ceciliae
960 2639 1008 2694 ex
1029 2615 1206 2694 concordi
1228 2610 1502 2691 Sandimonra·

117 2696 243 2818 'lrum
271 2727 363 2785 voto
387 2710 548 2793 suffeelae
575 2715 694 2815 (M).
722 2717 785 2796 Ad
810 2715 936 2794 Orsati
961 2713 1161 2815 Justiniani
1185 2706 1339 2814 Equitis
1364 2708 1402 2787 8(
1428 2709 1502 2788 Ve-

146 2821 227 2915 nett
254 2808 427 2890 Oratoris
453 2840 579 2916 preces
611 2816 797 2897 Nicolaus
819 2818 867 2894 V.
895 2813 1082 2909 indulsit,
1108 2836 1151 2892 ut
1185 2810 1391 2893 Ecclessam
1411 2808 1502 2895 San·

148 2897 200 2979 ur
220 2906 454 3013 Hieronymi
481 2918 594 2996 certis
622 2916 766 2996 statutis
788 2916 920 2994 diebus
941 2915 1013 2990 rite
1036 2912 1250 3005 vibrantes,
1276 2932 1390 3010 atque
1406 2909 1503 3023 elee-

146 3003 306 3122 mosrnas
325 3036 524 3113 erogantes
546 3017 752 3095 criminum
775 3018 931 3093 suorum
952 3012 1103 3093 statutas
1121 3009 1503 3091 remiffionesDomt·

146 3122 199 3181 no
225 3112 426 3191 miserante
453 3117 770 3215 consequerentur
796 3116 910 3215 (Nl.
1339 3208 1348 3224 ·

198 3204 284 3284 Post
310 3208 391 3288 haec
402 3214 550 3292 celebre
561 3215 658 3293 olim
680 3215 956 3293 Monasterium
979 3215 1015 3292 S.
1037 3213 1196 3294 Adriani
1216 3210 1318 3314 quod
1337 3235 1379 3287 sn
1402 3208 1503 3286 Tur·

145 3303 293 3422 cellano
320 3308 485 3390 Dioecesr
520 3340 635 3416 prope
661 3316 749 3396 Silis
785 3314 1015 3396 fluviiroliia
1040 3314 1153 3395 situm
1175 3335 1292 3407 erat,
1328 3334 1418 3391 cum
1454 3331 1503 3387 ex

148 3423 244 3482 aens
270 3412 495 3512 intemperie
520 3417 558 3496 8(
577 3418 823 3499 colubrorum
845 3415 1081 3497 infestatione
1100 3417 1153 3494 ita
1180 3414 1309 3493 indies
1320 3410 1503 3525 decresce-

149 3522 241 3615 ῐςῑ,
277 3530 320 3588 ut
346 3513 512 3595 adificiis
549 3518 716 3620 undique
752 3520 903 3599 ruinam
939 3517 1207 3597 minitantibus
1234 3512 1503 3593 Sandimonra-

150 3599 247 3724 lium
265 3632 445 3694 numerus
472 3618 518 3695 ad
543 3619 606 3698 sex
623 3623 850 3699 tantumodo
872 3620 1041 3699 redadius
1067 3617 1213 3713 suisset,
1239 3613 1431 3695 Abbatilsa
1452 3613 1503 3691 sa·

151 3700 337 3827 lubrrores
363 3718 482 3814 ades,
506 3718 704 3821 inquibus
730 3722 767 3800 le
793 3720 888 3801 filias
916 3745 962 3800 ue
990 3719 1201 3821 reciperet,
1220 3716 1416 3818 exquirere
1443 3713 1505 3827 de·

151 3797 350 3895 liberavit.
378 3819 643 3917 Quamobrem
670 3848 758 3904 cum
785 3747 963 3917 audibit,
989 3820 1103 3922 quam
1130 3818 1225 3897 mire
1253 3819 1352 3896 inter
1363 3812 1503 3894 Sanus·
1571 3874 1578 3887 .

150 3908 335 3989 moniales
353 3918 389 3990 S.
412 3920 643 4016 Hieronymi
671 3926 789 4024 pietas
815 3924 857 4003 in
885 3925 1016 4001 Deum
1039 3922 1079 4000 8(
1104 3920 1285 4022 regularis
1323 3917 1409 3990 vitae
1436 3913 1504 3990 ob·

152 4000 337 4090 servantia
357 4011 552 4114 vigerent,
577 4042 667 4096 eum
677 4028 819 4098 eisdem
838 4024 990 4119 prelum
1012 4021 1152 4111 inivit,
1177 4015 1213 4092 se
1224 4017 1381 4092 obtenta
1401 4012 1505 4112 prius

154 4105 200 4183 ab
224 4120 386 4213 utroque
413 4113 520 4212 loru,
551 4118 735 4222 Principis
762 4143 898 4233 nempe
922 4118 962 4197 8(
989 4113 1163 4194 Ecclesiae
1189 4113 1390 4210 facultate,
1417 4112 1505 4191 Mo

153 4206 302 4315 ranerii
327 4215 362 4292 S.
385 4215 545 4295 Adriani
570 4245 803 4321 quacunque
830 4245 910 4318 rura
930 4219 976 4296 ad
999 4216 1094 4294 Divi
1118 4213 1351 4316 Hieronymi
1372 4215 1505 4292 ascete-

154 4324 253 4387 rrum
280 4313 555 4415 dedubiuram‚
581 4322 789 4401 dummodo
816 4320 858 4397 in
886 4320 964 4421 ipso
991 4342 1080 4395 cum
1107 4317 1309 4417 quinque,
1342 4338 1423 4412 quae
1449 4309 1504 4385 su-

156 4422 350 4594 l’trerpnoq³
374 4416 563 4607 spIroribus
582 4423 670 4509 Deo
695 4424 763 4504 sub
774 4419 873 4507 Divi
891 4415 1097 4598 Augulqini
1114 4418 1244 4518 regula
1261 4410 1505 4594 mobilium
