3850 5342
420 473 629 557 Saucrr
658 470 955 554 Crurraur
991 497 1058 556 ar·
1089 473 1200 559 Soc.
1232 475 1332 559 Mn.
1403 502 1484 561 211

185 630 237 724 st„
257 646 399 704 norum
424 620 537 727 jubeo
553 619 684 722 ipsum
710 617 865 722 lapidari
885 674 897 697 .
932 619 985 698 Et
1011 619 1059 700 ste
1082 608 1288 724 raptuses'r
1306 649 1334 701 a
1360 623 1548 705 Minidn's

200 781 227 825 „
252 725 443 802 Diaboli.
471 724 515 800 28.
537 723 733 800 Martianus
759 721 879 822 Epist,
907 719 1045 822 gratias
1079 745 1195 837 agens
1224 726 1311 807 Deo
1341 725 1443 805 Patri
1480 751 1546 825 per

198 881 226 924 „
251 823 449 904 Christum
464 822 598 901 ulium
617 822 703 922 ejus
725 821 793 925 qui
820 848 907 902 turn
929 822 1089 922 dignum
1110 826 1176 903 tali
1203 824 1383 923 judicavit
1398 825 1501 904 Mart
1531 872 1547 892 ·

184 950 225 1024 ·„
249 926 332 1022 rio,
351 925 589 1005 certantibus
615 947 846 1004 contraeum
858 922 1037 1002 ministris
1047 923 1230 1024 Diaboli,
1256 925 1387 1006 dusius
1406 924 1465 1005 est
1491 850 1545 1009 g·

183 1060 224 1125 2„
250 1053 332 1122 ras,
358 1028 396 1105 8<
421 1026 608 1126 lapidibus
634 1027 752 1104 coesus
777 1024 938 1103 reddidit
965 1023 1157 1124 spiritum.
1237 1066 1242 1075 ·
1443 1093 1449 1101 .

185 1134 187 1139 '
248 1129 329 1207 Cui
357 1148 483 1206 autem
511 1130 615 1206 uert'o
645 1127 899 1209 sundarnento
925 1125 1112 1205 innitatur
1140 1126 1224 1230 ejus
1251 1128 1435 1209 Pastorale
1460 1126 1545 1211 offi-

197 1228 327 1323 cium,
379 1256 428 1305 uo
455 1229 647 1329 antiquam
663 1226 946 1311 AEmouiensem
968 1227 1174 1307 Ecclesiam
1187 1232 1410 1330 gubernasse
1433 1230 1543 1310 tradi-

201 1349 287 1423 tur,
313 1254 377 1407 vei
407 1332 599 1429 quomodo
630 1354 677 1433 err
702 1331 789 1409 loco
816 1328 882 1407 ubi
909 1353 1058 1428 agonen
1087 1331 1323 1410 consumavit
1339 1331 1545 1411 duuuuum

181 1427 240 1544 uir
267 1428 505 1543 ejuscorpus
530 1431 576 1506 ad
606 1429 818 1507 Civitatem
851 1432 1006 1507 Novam
1041 1430 1110 1508 seu
1132 1432 1383 1548 recentiorem
1411 1433 1543 1548 l'e'mn⁹

180 1550 631 1745 rutuuuut
653 1528 1544 1749 trihu’stzersnuuhhlm

177 1730 493 1826 «crslitudmrhus,
517 1732 555 1810 8(
577 1731 802 1833 gravissimis
827 1756 958 1810 earum
990 1733 1278 1813 vatnciarunr
1316 1735 1540 1813 calamitati·

181 1832 284 1924 hus,
309 1831 446 1931 quibus
467 1833 700 1933 frequentius
721 1831 974 1934 praecipue-ex
994 1838 1233 1935 Arctorum,
1259 1834 1540 1914 &sclavorum

176 1929 635 2032 incursmnibusassliblae
673 1933 825 2013 suerunt
846 1989 860 2030 ,
885 1934 1029 2016 mirum
1055 1961 1132 2014 non
1158 1935 1242 2031 est,
1272 1935 1377 2014 hex
1404 1959 1539 2013 mouu-

175 2044 408 2112 rrnentorunr
434 2035 651 2114 deficientia
676 2036 754 2113 sola
779 2037 894 2113 modo
925 2037 1138 2136 perseverat
1160 2036 1333 2117 constans
1353 2034 1539 2115 Ecclesia·

176 2154 275 2210 'rum
303 2135 487 2215 traditio.
515 2137 619 2215 Huic
646 2135 811 2237 prosed'to
838 2136 937 2215 nihil
964 2135 1109 2216 obstare
1134 2137 1286 2216 deberet
1305 2136 1535 2237 ‚epigraphes

187 2234 234 2311 ab
255 2234 441 2337 Episcopo
462 2239 611 2316 Adamo
636 2239 682 2315 ad
709 2239 901 2316 tumulum
924 2240 985 2316 SS.
1011 2238 1151 2339 Pelagii
1179 2238 1402 2317 &Maximi
1425 2263 1534 2339 appo-

176 2333 274 2439 dlu,
299 2337 366 2414 ubi
393 2363 441 2415 ex
466 2338 554 2419 solis
576 2337 769 2416 Divorum
796 2339 1018 2418 nominibus
1041 2337 1263 2432 recenfitis,
1289 2341 1428 2439 absque
1456 2340 1534 2418 ulla

189 2438 250 2515 uel
278 2439 452 2538 martyrii
486 2440 551 2518 vel
579 2440 745 2519 muneris
781 2440 977 2518 mentione
1012 2439 1203 2519 deducunt
1231 2441 1403 2519 Bolland
1455 2443 1532 2518 uod

141 2556 144 2561 ’
188 2537 451 2619 verosimiliter
472 2540 576 2619 nihil
604 2543 649 2618 de
670 2542 717 2621 iis
736 2541 895 2649 ulterius
920 2565 1159 2643 compertum
1183 2563 1273 2621 tunc
1294 2565 1400 2637 erat,
1423 2465 1532 2641 iqui-

186 2634 274 2710 dem
302 2664 349 2715 eo
375 2642 555 2741 temporis
578 2642 633 2720 sat
661 2643 870 2721 habebatur
896 2642 935 2720 in
950 2642 1139 2739 Ecclesia,
1164 2664 1207 2721 ut
1234 2645 1431 2744 quisquam
1444 2645 1531 2720 Sau-

176 2732 264 2813 uus
289 2736 326 2815 8<
353 2738 553 2819 haberetur
573 2797 587 2837 ,
611 2740 650 2821 8(
675 2745 897 2838 coleretur,
936 2742 960 2818 ss
989 2743 1066 2841 ejus
1092 2770 1234 2822 nomen
1261 2768 1448 2822 marmore
1475 2741 1530 2820 irr-

179 2833 368 2936 sculptum
396 2840 515 2937 soret,
541 2844 642 2942 quod
669 2843 709 2922 in
737 2844 905 2944 pluribus
933 2843 1116 2922 similibus
1143 2844 1402 2923 monumentis
1413 2843 1530 2923 eriam

180 2935 365 3017 Romanis
392 2942 616 3039 invenitur,
638 2945 787 3045 ipsaque
812 2968 897 3023 arca
916 2943 1155 3036 amarini,
1182 2944 1221 3021 in
1247 2970 1320 3044 qua
1346 2970 1369 3019 a
1391 2945 1529 3021 saeculo

176 3038 382 3136 repositum
408 3042 481 3119 hait
507 3044 586 3143 ejus
611 3070 746 3148 corpus
772 3044 812 3122 in
837 3046 915 3122 orde
937 3044 973 3121 S.
986 3045 1194 3139 Cantiani,
1219 3046 1296 3122 sola
1324 3045 1393 3122 hac
1421 3043 1529 3122 brevi

172 3139 398 3339 dissolri
418 3140 798 3324 hishis-ps
814 3143 1255 3347 {bissis‘hlllhh
1270 3144 1531 3329 &hillis

178 3337 357 3442 Martyre
383 3367 430 3421 ex
456 3343 751 3425 immemorabili
777 3300 1048 3426 consuetudirie
1075 3349 1317 3425 celebretur.
1347 3348 1529 3429 Plurimus

166 3438 458 3542 difficultates,
483 3466 565 3548 quae
592 3473 672 3526 rem
697 3448 977 3527 obscurioribus
1002 3449 1165 3526 terrebris
1190 3447 1426 3558 offundunt,
1452 3445 1526 3543 jam

172 3543 293 3640 probe
319 3546 456 3640 calluit
478 3548 807 3647 longioressunt,
830 3576 922 3650 quas
948 3548 1111 3627 afferunt
1135 3549 1373 3625 Bollandianr
1388 3546 1445 3624 ad
1473 3568 1527 3624 rt.

169 3641 332 3724 pensitas
352 3647 430 3727 dies
449 3674 508 3751 30.
528 3651 694 3751 Aprilis,
719 3651 757 3729 8<
783 3672 842 3751 15.‘
862 3651 961 3730 Maii
983 3651 1124 3750 Ughel.
1154 3650 1315 3725 Tomv.
1345 3647 1521 3735 statuae.

169 3739 216 3820 in
236 3746 431 3850 Episcopis
460 3752 693 3850 Ferentinis,
717 3772 883 3854 quasque
910 3751 1026 3829 etiem
1051 3776 1189 3851 augere
1215 3751 1394 3826 videntur
1416 3749 1528 3826 Baro.

166 3842 474 3929 niusedannum
488 3881 571 3953 ²54
599 3876 703 3933 num.
717 3851 1113 3953 a4&Tillemontius
1135 3852 1249 3928 Tum.
1266 3855 1332 3928 lll.
1346 3872 1425 3950 pag.
1442 3877 1527 3948 345,

174 3945 272 4024 Not.
300 3955 354 4025 16.
382 3949 419 4026 dt
439 3953 601 4030 Ruinart
629 3981 710 4056 pag.
738 3982 816 4056 132.
843 3954 932 4034 edit.
955 3954 1053 4035 Ven.
1081 3956 1118 4032 su
1148 3954 1385 4030 taluudatus.
1412 3951 1519 4027 Cum

175 4068 304 4125 autem
331 4049 509 4131 authores
533 4055 716 4158 martyrii
741 4057 871 4135 lucum
896 4054 937 4134 in
960 4056 1047 4134 Asta
1073 4082 1093 4131 a
1123 4078 1288 4154 ignens,
1315 4052 1351 4130 8<
1379 4051 1526 4150 Episco·
1623 4118 1625 4123 .

172 4151 255 4247 spate
281 4151 451 4231 officium
474 4155 712 4255 excludant,
735 4157 864 4260 prima
890 4157 1107 4236 difficultati
1134 4152 1298 4263 occurrit
1326 4152 1381 4249 10:
1404 4149 1524 4263 hetdo·

175 4248 282 4331 vicus
312 4254 537 4337 Scoulebius
557 4312 571 4355 ,
594 4259 662 4358 qui
687 4284 768 4339 non
788 4254 939 4355 Asiam,
964 4259 1026 4337 sed
1049 4254 1240 4345 Allifiam,
1266 4260 1325 4329 leu
1351 4248 1523 4364 Allefianr

174 4349 378 4450 legendum
404 4372 536 4462 purat,
558 4382 674 4459 quarn
686 4360 905 4439 Ptolomeus
926 4359 968 4438 in
985 4358 1169 4436 Liburnia
1191 4356 1376 4468 collocat,
1405 4376 1441 4426 rn
1464 4349 1522 4445 Ja-

171 4452 276 4550 pidia
303 4457 483 4559 Plinius,
518 4459 724 4561 multisque
750 4459 907 4544 eruditis
930 4456 1143 4641 regignibus
1169 4453 1520 4633 opinionerpssuum

295 4604 305 4614 .,
1083 4587 1105 4638 2
1376 4575 1470 4634 urus
