3850 5342
464 416 546 505 25²
659 386 731 472 Da
763 393 966 478 Montes.
1000 392 1042 475 δε
1071 394 1283 479 Ecctarsa
1316 397 1505 483 Panoctt.

406 575 490 631 cem
518 545 671 627 adduxit
694 544 839 623 Comes
860 541 993 621 Vislor
1011 544 1056 622 de
1067 542 1187 623 Scotis
1200 543 1354 626 Nobilis
1380 545 1542 644 ejusdem
1564 542 1681 630 Urbis
1691 549 1751 631 Sa·

403 651 556 748 cerdos,
581 650 618 728 8<
645 646 686 725 in
713 645 841 746 patriis
867 645 1156 743 antiquitatibus
1181 645 1445 726 eruditissimus
1471 650 1571 746 (E).
1600 652 1749 731 Innote-

403 751 472 831 scit
500 773 664 850 namque
690 772 790 825 anno
816 772 919 846 1309.
946 746 1070 825 divisis
1100 747 1387 825 Canonicorum
1415 747 1631 850 suffragiis,
1657 753 1749 832 duos

402 851 542 932 eleetos
578 849 681 929 suisse
715 845 859 925 Priores
881 849 916 925 S.
939 846 1142 926 Salvatoris
1166 849 1432 927 Veneriorum:
1459 850 1503 927 de
1530 850 1636 948 cujus
1662 853 1748 931 titu

396 953 433 1032 li
462 953 539 1051 iure
567 976 655 1031 cunr
683 946 849 1027 invicem
877 948 1145 1045 decertarent,
1172 949 1350 1030 nonnulli
1386 974 1433 1028 ex
1464 950 1629 1031 Civibus
1656 955 1750 1030 Tar·

399 1052 530 1134 visanis
555 1073 702 1153 arrepto
727 1049 850 1128 dubia
875 1049 1073 1129 eleslionis
1101 1073 1317 1151 praetextu,
1363 1052 1498 1150 praedia
1526 1051 1748 1131 Monasierii

401 1153 445 1235 in
466 1159 572 1254 Agro
595 1151 795 1232 Tarvisino
822 1149 936 1252 posita
963 1152 1134 1231 violenta
1169 1177 1285 1230 manu
1322 1156 1519 1231 turbarunt
1541 1151 1645 1231 .·Ea
1672 1179 1751 1255 pto·

401 1271 486 1362 pter
513 1252 742 1334 Dominium
767 1253 958 1331 Venerunt
986 1255 1032 1331 de
1059 1251 1221 1353 religiosi
1249 1253 1324 1331 loci
1351 1253 1601 1334 indemnitate
1612 1253 1748 1334 sollici·

405 1378 491 1438 turn
518 1382 620 1436 anno
651 1382 753 1457 1314
782 1350 842 1431 die
864 1377 952 1432 xxv.
974 1353 1152 1434 Osiobris
1179 1380 1242 1453 per
1269 1355 1480 1434 Henricum
1507 1354 1748 1455 Delphinum

400 1459 442 1539 &
470 1457 690 1637 Nicolaur}
707 1452 964 1534 Gradonicum
998 1455 1233 1557 Reipublicae
1254 1457 1413 1556 Legatos
1436 1455 1686 1552 Potellatem,
1711 1457 1746 1536 ἃ

401 1561 624 1640 Commune
686 1554 808 1635 atvifii
836 1555 936 1635 inter
961 1579 1094 1637 catera
1122 1556 1346 1657 requisivit,
1373 1578 1415 1635 ut
1442 1556 1580 1635 Veneti
1611 1557 1746 1635 Mona·

403 1659 504 1742 sterii
532 1660 609 1758 jura
634 1679 767 1738 contra
793 1656 981 1738 violentas
1020 1657 1220 1736 hominum
1249 1657 1401 1753 injurias
1427 1677 1655 1755 tuerentur,
1683 1682 1749 1737 nee

396 1757 544 1861 frivolo
562 1756 938 1862 privataeqvaestionis
963 1755 1171 1858 exceptione
1198 1759 1300 1838 sacro
1325 1759 1362 1837 ἃ
1389 1758 1556 1838 innocuo
1582 1758 1672 1837 loco
1696 1757 1751 1836 in·

398 1862 491 1963 justa
517 1864 654 1943 damna
680 1858 809 1943 inserti
836 1880 1074 1960 paterentur.
1099 1862 1162 1940 Ad
1189 1859 1267 1939 hae
1300 1861 1522 1939 Commune
1555 1858 1750 1957 Tarvisii,

296 2018 302 2028 ·
400 1989 492 2045 curn
519 1963 630 2066 prius
654 1989 725 2067 pro
750 1961 964 2042 definiendo
982 1957 1185 2063 secundum
1204 1958 1394 2065 justitiam
1429 1959 1480 2041 θ’
1499 1957 1667 2061 formam
1685 1981 1750 2058 pa·

401 2063 540 2143 florum
565 2065 723 2167 negotio
743 2089 935 2164 ,omnem
962 2063 1259 2144 sollicitudinem
1285 2062 1561 2168 despondisset,
1598 2064 1750 2143 Ducem

401 2166 440 2245 8<
465 2168 685 2247 Commune
708 2163 958 2266 Veneriorum
985 2165 1158 2266 rogavit,
1184 2185 1227 2242 ut
1243 2160 1394 2265 questio
1415 2158 1635 2261 principalis
1654 2161 1751 2241 Prio-

401 2262 790 2347 eonsummatos
816 2263 913 2345 inter
930 2263 1074 2345 Priores
1096 2260 1288 2363 litigantes
1305 2262 1513 2366 summarie
1537 2261 1752 2342 terminare·

402 2390 484 2447 tur.
512 2367 658 2463 Ducis,
683 2364 911 2446 &Dominii
922 2367 1173 2456 Veneriorum
1186 2373 1289 2467 parte
1309 2364 1513 2468 repositum
1537 2358 1756 2463 stritaqutrd

403 2466 545 2548 adhoc
572 2465 680 2547 dabit
704 2489 850 2568 operam
867 2477 883 2565 ,‘
917 2466 968 2547 (J
993 2464 1101 2547 dabit
1124 2461 1282 2547 libenter
1303 2463 1516 2580 secundum
1543 2462 1752 2564 potentiam

402 2565 587 2668 dationis,
611 2568 700 2669 quia
726 2566 886 2669 dicitnr,
909 2568 959 2650 Ο·
979 2568 1150 2667 dotetur,
1175 2565 1271 2670 quod
1296 2567 1376 2670 ipso
1399 2564 1542 2680 questio
1569 2565 1608 2643 in
1632 2562 1754 2644 Curio

399 2679 571 2750 Rontana
590 2668 750 2770 pendet,
775 2698 842 2751 nee
861 2693 987 2770 partes
1006 2670 1152 2774 poffunt
1176 2698 1223 2749 ex
1241 2668 1315 2771 sun
1334 2664 1588 2766 jurisditione
1610 2664 1661 2746 ad
1684 2665 1750 2746 hoo

398 2765 630 2891 rontpellere.
655 2777 787 2875 Quem
812 2799 904 2854 vero
928 2772 1045 2856 finem
1071 2775 1249 2855 Romano
1275 2769 1416 2871 judicio
1441 2769 1595 2873 questio
1634 2769 1749 2850 susce·

319 2949 331 2972 χ
402 2896 525 2979 perit,
552 2896 854 2977 incompertum.

452 2977 521 3055 Per
550 2976 650 3057 Petri
676 2977 852 3074 obitum,
887 2976 979 3079 qni,
1002 2997 1047 3055 ut
1074 2974 1243 3078 superius
1265 2975 1412 3056 dissum
1435 2973 1519 3071 est,
1544 2973 1746 3053 decesserat

397 3101 499 3157 anno
515 3085 619 3180 1316.
646 3077 859 3157 verosimile
886 3078 938 3155 est
965 3079 1182 3157 Rolandum
1209 3078 1248 3157 in
1275 3076 1430 3179 pacifica
1451 3075 1642 3155 Primatus
1668 3072 1746 3176 pos·

355 3195 365 3211 ·
397 3178 552 3257 sessione
577 3178 815 3259 temanfisle.
850 3180 934 3293 Ipso
960 3178 1240 3258 enimPatavii
1271 3205 1377 3258 anno
1410 3205 1513 3279 13²3·
1547 3176 1610 3255 die
1643 3198 1747 3254 nona

394 3277 488 3392 Julii
509 3277 709 3372 desunslo,
735 3279 908 3379 postridie
934 3276 1013 3377 ejus
1039 3280 1166 3360 obitus
1187 3278 1327 3360 elesius
1353 3278 1424 3358 suit
1448 3280 1579 3357 Petrus
1598 3278 1646 3357 de
1668 3273 1748 3354 Fla·

397 3377 522 3458 branis
548 3377 772 3460 Monasterii
805 3380 841 3460 S.
863 3379 1069 3459 Salvatoris
1089 3380 1342 3461 Canonicus'.
1369 3379 1456 3458 Posl
1481 3379 1559 3478 ejus
1585 3399 1748 3457 mortem

398 3477 730 3563 Bonaventurinus
749 3481 794 3561 de
815 3477 1077 3562 Constambiis
1101 3483 1302 3584 assumptus
1329 3479 1380 3559 est
1399 3506 1624 3581 anno1329.
1644 3503 1748 3559 men·

396 3578 436 3658 se
457 3578 595 3679 Maii,
627 3583 694 3683 qui
720 3583 787 3663 dec
813 3577 870 3674 ffit
895 3583 1214 3683 ann01'337adie
1241 3588 1294 3662 m.
1316 3580 1526 3675 Oslobti93
1564 3581 1750 3660 Nicolaus

399 3677 511 3759 uano
528 3683 751 3768 Canonicur
782 3680 938 3762 Sacrista
969 3683 1008 3761 S.
1033 3684 1238 3763 Salvatoris
1264 3682 1403 3764 eisdem
1431 3683 1558 3761 mense
1584 3682 1622 3760 dr
1648 3706 1750 3760 anno

335 3824 341 3836 ι
398 3779 575 3859 evehitur
601 3783 647 3860 ad
675 3783 911 3865 Primatum:
934 3810 1050 3888 quem
1075 3810 1142 3887 pet
1166 3784 1319 3868 obitum
1343 3783 1497 3885 reliquit
1509 3807 1574 3868 xv,
1597 3785 1684 3864 Kal
1694 3783 1751 3884 Ja-

400 3880 526 3960 testarii
552 3905 656 3962 anno
678 3912 787 3985 1350.

451 3980 688 4083 Subrogatus
710 3984 762 4065 est
781 3986 943 4086 Iacobus
969 3987 1016 4065 de
1037 3984 1236 4068 Inviciatis
1261 3990 1307 4068 de
1328 3979 1748 4088 ClugiaCanonicusS.

376 4076 629 4166 salvatoris.
653 4083 755 4184 Hic,
782 4107 824 4166 ut
846 4086 942 4164 Divi
962 4086 1096 4188 Jacobi
1117 4088 1276 4187 Maioris
1302 4090 1513 4190 sepulcrum
1540 4082 1746 4176 inviseret,

398 4177 746 4282 compostellanam
768 4187 1115 4288 peregrinationem
1137 4213 1158 4264 a
1186 4191 1348 4289 gressus,
1371 4192 1503 4291 Januat
1525 4188 1567 4266 in
1593 4205 1747 4286 gravent

350 4333 364 4358 s
396 4283 576 4364 morbum
595 4284 766 4402 ‘inciditt
802 4289 969 4390 dumque
994 4289 1094 4374 male
1119 4309 1140 4367 a
1171 4288 1251 4370 'essa
1287 4290 1504 4372 valetudine
1531 4287 1638 4390 pium
1675 4284 1746 4363 iter

399 4397 665 4490 memmi
685 4386 894 4478 constantia
913 4389 1225 4493 prosequeretur,
1248 4392 1345 4497 apud
1356 4388 1744 4505 Dragignanumsro·

461 4521 466 4540 ¹
1552 4513 1690 4574 vaucrae
