3850 5342
489 315 575 435 3ῥό
710 328 790 414 Dii
822 329 1093 415 Ecciiisiii
1126 327 1469 416 Piiiociiiiir

405 527 436 572 „
459 473 569 554 clesia
591 478 628 556 S.
652 479 752 559 Perti
778 481 815 560 se
840 479 1011 560 inclusit.
1048 480 1141 561 lnde
1167 481 1212 560 ad
1241 481 1447 562 Ecclesiam
1473 478 1510 557 S.
1533 472 1685 580 Antipae
1697 475 1756 559 M·

352 597 355 611 ¹
403 627 433 672 „
458 574 591 656 divino
619 580 771 659 monitu
796 581 969 676 accessit,
995 580 1061 661 ubi
1086 581 1216 664 cilicio
1241 583 1396 661 indutus
1416 636 1430 676 ,
1454 577 1585 658 cilicio
1606 604 1756 680 quoque
1874 615 1878 624 Δ

404 727 433 772 ,,
457 674 566 776 super
594 703 781 761 marmore
804 708 872 783 pto
899 680 998 762 ierto
1023 685 1149 764 mensa
1175 684 1543 763 &sediliutebatur.
1570 677 1749 781 Denique

405 827 433 872 ,2
457 776 504 852 ad
530 783 808 882 presbyteratus
830 782 1016 861 Ordinem
1041 805 1236 885 promotus
1266 782 1435 886 quotidie
1468 779 1667 859 Missatum
1699 780 1753 857 so

405 928 434 973 n
459 874 602 957 lemnia
622 885 818 988 peragebat
839 886 1053 985 populoque
1075 884 1287 988 frequenter
1309 883 1555 987 praedicabat,
1580 882 1642 959 sed
1662 905 1751 961 cuin

405 976 626 1094 „Ecclesia
653 1003 860 1063 terremotu
895 985 1086 1064 corruisset
1121 988 1166 1066 ad
1192 1009 1343 1065 antrum
1369 982 1573 1084 confugit,
1608 983 1651 1061 in
1676 1007 1753 1088 quo

400 1129 430 1175 ‚,
456 1104 565 1194 annis
589 1082 948 1163 duodecimmansit
974 1086 1119 1164 summa
1145 1113 1232 1166 cum
1260 1085 1471 1167 austeritate
1498 1083 1608 1180 vitae,
1634 1083 1752 1162 itaut

401 1230 430 1274 „
455 1181 656 1292 eliatha,
682 1184 833 1285 capilli,
859 1187 1063 1288 dentesque
1083 1188 1312 1270 exciderint.
1339 1187 1430 1268 Inde
1441 1183 1647 1264 amicorum
1660 1210 1748 1265 con-

402 1329 432 1378 n
457 1276 540 1364 sll¹0
566 1280 742 1372 habitum
768 1285 1017 1369 monasticum
1043 1288 1228 1393 succepit.
1311 1287 1327 1294 ”
1502 1295 1503 1298 ‘

400 1558 429 1606 n
813 1513 851 1594 L
882 1512 919 1593 E
949 1515 989 1596 C
1019 1516 1062 1596 T
1093 1518 1112 1597 I
1146 1518 1187 1600 Ο
1249 1516 1332 1599 VI.
1420 1575 1423 1584 .

399 1732 428 1778 ‚‚
457 1679 719 1866 LAiiiinis
745 1684 832 1765 oleo
858 1713 986 1769 coram
1012 1680 1053 1768 B.
1076 1690 1212 1771 Maria
1238 1687 1404 1793 imagine
1429 1676 1753 1802 ardentela'ngui

397 1833 426 1877 9)

558 1782 624 1862 dor
649 1785 695 1862 ad
722 1784 757 1862 sc
783 1788 982 1870 venientes
1009 1817 1154 1893 ungens
1180 1791 1302 1872 statim
1330 1793 1504 1892 sanabat,
1529 1815 1606 1891 quo
1631 1808 1749 1876 etiam

395 1880 635 1980 „leprosum
663 1906 928 2003 torqcotpore
955 1890 1177 1995 petundum
1205 1919 1227 1971 a
1253 1896 1373 1993 Lepta
1398 1888 1600 1992 inundauit
1622 1923 1638 1966 .·
1669 1888 1747 1966 Ab*

292 2009 295 2016 ·
396 2034 426 2076 „
452 1981 516 2060 bas
538 1983 762 2076 Monastetii
788 2012 934 2071 creatus
959 1994 1124 2094 plurima
1149 1994 1194 2075 ad
1216 1994 1294 2075 Dci
1321 1994 1466 2074 cultum
1495 1989 1664 2070 direxit.
1690 1989 1748 2067 iic

396 2134 425 2179 „
451 2083 607 2198 demum
632 2113 720 2166 curii
760 2090 969 2193 Imperator
996 2095 1172 2174 nuntium
1199 2097 1246 2174 ad
1278 2121 1366 2174 euin
1403 2091 1551 2178 mifisset
1572 2119 1597 2190 ,·
1621 2088 1687 2192 qui
1713 2083 1749 2165 ci

396 2236 425 2279 „
451 2181 673 2298 significaret
698 2192 852 2270 adeum
877 2194 1072 2275 visendum
1092 2193 1129 2276 se
1149 2216 1379 2293 venturum,
1405 2193 1476 2273 Vir
1497 2192 1575 2273 Dei
1601 2189 1747 2291 respon·

394 2336 425 2380 is
451 2285 530 2380 dit,
558 2286 623 2364 nisi
651 2289 766 2467 usque
792 2294 837 2370 ad
851 2295 1030 2395 Vesperas
1058 2297 1228 2395 veniret,
1252 2324 1331 2378 non
1357 2297 1518 2399 amplius
1544 2293 1666 2396 ipsum
1692 2285 1746 2365 vi·

396 2435 425 2479 n
451 2385 576 2497 deret.
604 2387 696 2485 Quo
747 2392 901 2493 quidem
929 2396 1057 2476 evenit
1078 2452 1093 2495 ,
1117 2398 1265 2499 ingenti
1293 2423 1455 2499 namque
1481 2396 1601 2474 imbre
1626 2391 1745 2488 impe·

393 2534 424 2582 ,,
453 2483 554 2563 ditus
579 2512 668 2566 cuni
690 2491 736 2567 ad
763 2516 852 2572 eum
879 2493 933 2573 ire
960 2522 1037 2575 non
1064 2501 1205 2612 posset,
1231 2499 1407 2579 nuntium
1434 2519 1560 2577 tamen
1585 2517 1652 2594 pto
1678 2491 1744 2567 be·

257 2589 260 2608 ³
332 2639 337 2648 -
392 2635 423 2683 2,
448 2583 661 2672 nedistione
698 2592 745 2669 ad
780 2591 893 2672 illum
920 2596 1054 2693 misit,
1089 2625 1155 2700 qui
1192 2601 1228 2679 ci
1265 2625 1381 2682 manu
1417 2599 1481 2677 sua
1507 2588 1740 2694 Benediclio

390 2736 419 2782 „
446 2711 534 2766 nem
562 2691 812 2810 conscriptam
837 2721 904 2797 per
929 2697 1109 2779 eumdem
1136 2702 1316 2781 nuntium
1344 2697 1568 2796 transmisit,
1595 2696 1742 2807 &pau-

391 2837 419 2886 ‚,
446 2786 486 2879 lo
511 2788 591 2888 post
617 2791 850 2895 septuaginta
877 2822 1038 2899 quatuor
1064 2827 1182 2882 annos
1210 2825 1318 2882 natus
1345 2800 1523 2903 migravit
1549 2796 1741 2898 adDomi·

389 2937 418 2982 „
443 2911 536 2966 num
560 2891 797 2996 sepultusque
819 2897 871 2975 est
891 2899 1228 3005 Constantinopoli
1249 2904 1440 2984 miraculis
1462 2903 1605 2981 clarus.
1641 2985 1644 2992 ⁴

443 2987 610 3104 Ecclesia
636 3014 792 3111 rumex
821 2997 986 3078 incendii
1013 3003 1180 3104 superius
1206 3006 1399 3096 enunciari
1424 3002 1547 3083 ruinis
1575 3022 1658 3098 rum
1682 3017 1728 3073 eir

390 3087 586 3198 vetustatis
612 3093 759 3175 damnis
785 3098 1018 3202 sapesaepius
1045 3126 1224 3185 renovata
1250 3107 1433 3204 traditur,
1468 3103 1665 3184 moderato
1691 3117 1742 3209 ta·
1776 3153 1782 3161 -

390 3209 483 3268 rnen
509 3216 656 3291 opere,
694 3196 731 3274 8<
757 3199 880 3279 adhuc
906 3203 1172 3303 antiquitatem
1199 3208 1403 3306 referente.
1431 3203 1650 3285 Nonnullae
1672 3197 1739 3276 Di·

388 3310 528 3367 uorum
555 3291 690 3405 siguras
717 3297 759 3377 in
787 3301 856 3380 hac
877 3303 1043 3402 Ecclesia
1069 3308 1207 3409 apponi
1234 3309 1330 3407 jussit
1356 3333 1404 3387 ex
1429 3310 1556 3407 legato
1566 3293 1744 3401 Engoldi·

386 3385 442 3466 ses
470 3390 570 3470 Petri
597 3395 804 3510 (iradonici
831 3427 926 3484 uxor
951 3406 1057 3505 cujus
1082 3408 1235 3509 quidem
1263 3412 1342 3492 hac
1369 3413 1451 3514 sunt
1481 3407 1595 3486 verba
1616 3425 1666 3482 eii
1688 3420 1740 3477 te·

385 3485 570 3572 stamento
598 3522 675 3596 eius
701 3503 848 3602 allata,
873 3508 974 3606 quod
1001 3508 1119 3585 dieii.
1158 3510 1326 3590 intrante
1352 3508 1486 3602 mensis
1514 3504 1649 3587 Martii
1673 3525 1736 3574 an·

384 3613 436 3676 lto
459 3591 685 3710 Mccqixii.
713 3605 876 3688 confecit
904 3610 1116 3708 Stephanus
1154 3612 1314 3712 Pianigo
1339 3610 1581 3698 cathedralis
1606 3599 1735 3679 Eccle-

384 3688 443 3767 siae
465 3695 780 3813 Archipresbytet
816 3707 852 3784 8(
880 3709 1083 3790 Notarius.
1121 3713 1263 3789 “Item
1299 3706 1384 3792 volo
1419 3706 1470 3790 O*
1494 3705 1630 3785 ordino
1655 3691 1739 3778 sieri

382 3842 410 3887 „
436 3816 504 3890 pro
530 3822 654 3915 anima
680 3829 765 3881 mea
791 3806 832 3884 in
858 3807 1024 3886 Ecclcfia
1049 3813 1085 3888 S.
1107 3812 1288 3915 Stephani
1310 3809 1540 3908 Confessori's
1566 3824 1736 3890 contrait

381 3942 409 3986 „
436 3917 521 3976 inee
547 3898 689 3980 scilicet
716 3907 764 3982 ab
789 3905 855 3985 illa
882 3931 985 4016 parte
1012 3937 1084 4014 que
1110 3914 1163 3993 csl
1190 3913 1315 3993 versus
1335 3937 1510 4013 campum
1533 3911 1678 4010 aliquas
1696 3897 1734 3982 fi·

379 4044 407 4087 „
433 4019 543 4092 gutas
570 4000 790 4081 Sanslorum
828 4008 1111 4094 &Sanctarum
1148 4038 1259 4116 prout
1285 4015 1421 4094 decens
1457 4011 1570 4091 suerit
1607 4012 1736 4090 secun·

383 4144 411 4186 „
438 4095 531 4212 dum
556 4125 708 4212 operam
738 4105 947 4205 laborerii,
984 4138 1097 4212 quam
1127 4116 1266 4195 habent
1303 4115 1475 4218 Apostoli
1505 4112 1667 4191 laborati
1692 4112 1734 4190 in

380 4245 407 4287 n
432 4199 561 4312 medio
587 4198 683 4278 dieie
710 4203 875 4318 Ecclesie
912 4211 978 4289 sub
1000 4215 1162 4312 Cruce,
1198 4244 1272 4319 que
1308 4219 1427 4319 figure
1462 4214 1686 4295 contineant
1711 4238 1735 4292 a

377 4344 405 4392 n
424 4293 539 4402 ‚dliiis
549 4300 874 4412 Apostolirusqite
885 4313 930 4391 ad
950 4338 1113 4412 mutum:
1128 4316 1238 4420 iiius
1250 4320 1440 4420 Ecclesia,
1465 4317 1533 4440 qui
1553 4316 1604 4400 cst
1625 4317 1732 4418 supra

479 4495 485 4504 .
1524 4472 1552 4519 ri
1578 4443 1680 4498 cam·
