3850 5342
333 418 370 500 S.
404 418 659 500 Mart-trus
693 416 887 499 Ertscort
920 410 960 493 8(
990 412 1308 498 Conttrson'ts.
1375 440 1459 528 155

181 550 285 667 tcgto
309 565 457 671 incepta
482 568 692 669 compleret
715 565 957 644 fimulacrum
981 560 1136 659 invifit,
1158 566 1261 664 quod
1280 565 1425 668 pariter
1450 574 1522 671 pe'r

179 669 399 748 diabolicam
426 669 611 747 invidiam
638 670 832 746 turbatum
859 664 1072 766 ingemuit.
1096 667 1142 743 In
1167 687 1274 745 tanta
1300 667 1418 746 animi
1438 695 1525 769 per-

180 770 391 848 turbatione
415 769 621 850 constituto
643 825 656 866 ‚
681 769 820 849 iterum
845 770 881 847 se
908 768 945 845 ei
971 767 1147 848 visendos
1170 769 1408 869 praebuerunt
1446 773 1526 874 spe·

176 869 259 948 ciost
271 871 406 967 Pueri,
432 875 700 973 exprobrantes
724 871 804 970 ejus
820 868 1157 965 cordisduritiem‚
1183 895 1257 970 qua
1282 868 1349 948 stbi
1377 870 1527 954 laboris

177 970 502 1085 participationem
531 975 811 1075 denegaverat.
838 974 1020 1071 Dumque
1045 994 1136 1048 eum
1162 972 1266 1050 bono
1290 969 1420 1051 animo
1440 975 1525 1054 esse

175 1074 328 1170 rubent,
354 1096 498 1155 teneras
524 1101 659 1154 manus
684 1073 788 1174 operi
813 1074 1045 1167 admovent,
1070 1072 1252 1173 brevique
1278 1072 1380 1155 horu
1400 1075 1525 1176 spatio

176 1173 401 1273 Virgineum
423 1177 662 1256 simulacrum
683 1180 730 1254 rrd
750 1175 805 1254 sui
828 1172 1096 1277 persedlioncm
1118 1175 1350 1274 perducunt.
1573 1194 1577 1205 ’

222 1275 296 1353 Rei
328 1278 501 1356 novitate
521 1278 646 1356 Pastor
666 1277 855 1355 attonitus
871 1275 1030 1376 quinam
1054 1273 1120 1374 ipsr
1149 1277 1267 1362 essent
1282 1276 1528 1376 interrogat,

176 1375 235 1452 cul
261 1378 425 1458 caelelles
448 1378 611 1459 infantes
634 1378 741 1494 gravi
767 1379 941 1459 sermone
964 1375 1235 1477 responderunt
1255 1431 1273 1472 ,,
1297 1377 1377 1456 sea
1400 1378 1527 1456 Calo·

174 1499 257 1553 rum
280 1480 429 1579 Regina
449 1480 575 1559 missos
600 1478 736 1577 sutile,
762 1502 806 1558 ut
826 1479 907 1578 ejus
924 1479 1141 1556 veneranda
1156 1477 1329 1578 effigies,
1349 1504 1434 1580 quat
1451 1477 1528 1557 dia·
1599 1487 1605 1495 '

173 1575 299 1659 bolica
319 1582 702 1677 turbabaturstaude‚
720 1580 896 1680 angelico
906 1579 1146 1680 perficeretur
1157 1578 1329 1673 auxilior
1354 1579 1527 1681 hancque

174 1678 245 1756 elle
272 1680 384 1780 ipsius
404 1683 665 1777 voluntatem,
692 1704 734 1760 ut
761 1684 798 1760 se
818 1682 857 1759 sc
877 1683 924 1759 ad
944 1678 1064 1760 Urbis
1080 1678 1314 1781 Episcopum
1337 1680 1374 1759 8<
1400 1706 1525 1781 procer

172 1801 231 1856 res
256 1780 339 1860 cito
362 1782 580 1878 conferret,
605 1783 731 1883 eisque
753 1807 803 1863 ex
820 1781 997 1884 Deiparar
1021 1779 1115 1876 julio
1134 1780 1356 1875 nuntiaret,
1376 1802 1422 1858 ur
1445 1805 1528 1881 pro·

175 1878 363 1993 digiosum
383 1883 625 1963 fimulacrum
649 1882 950 1963 adAriminenfis
963 1881 1081 1962 Urbit
1103 1902 1257 1981 portum
1277 1880 1532 1976 deducerent,

173 1982 302 2082 ibique
322 2010 451 2065 vacuat
471 1986 710 2088 imponerent
722 1985 933 2076 naviculae3
956 1982 1229 2062 Divinaeenitrt
1249 1982 1427 2061 futurum
1442 2002 1525 2059 erat

171 2078 325 2165 virtutis
346 2113 475 2166 cutam
503 2087 686 2186 nestoris,
711 2087 750 2166 8<
774 2088 965 2187 remigum
985 2084 1092 2164 vicec
1109 2084 1291 2187 implete„

147 2252 148 2255 r
220 2185 293 2266 His
319 2188 458 2269 auditis
477 2190 653 2269 Rusticus
676 2190 722 2269 ad
747 2189 977 2291 Episcopum
1003 2184 1160 2265 sellinuc
1182 2184 1383 2286 perrexit,
1415 2182 1529 2284 eique

170 2283 402 2369 admirabilis
426 2312 588 2370 eventus
606 2291 738 2370 seriem
760 2289 955 2392 exposuitt
981 2285 1047 2388 qui
1070 2287 1233 2388 prodigii
1259 2286 1423 2365 veritate
1439 2284 1526 2363 dili·

169 2408 302 2482 genter
332 2393 551 2494 perspecta,
588 2413 630 2469 ut
652 2391 812 2470 Divinis
841 2393 1123 2489 obtemperaret
1146 2387 1334 2467 mandaris
1358 2383 1521 2465 solemni

169 2486 445 2591 supplicatione
471 2493 612 2573 indiua
638 2494 716 2595 ipso
736 2490 855 2595 Urbis
884 2489 1061 2592 Principe
1089 2490 1299 2571 comitante
1318 2490 1365 2567 ad
1393 2488 1525 2567 locum

168 2586 206 2664 se
226 2594 417 2690 contulit,
439 2595 571 2696 ibique
580 2595 803 2695 Virgineam
824 2593 994 2695 effigiem
1015 2614 1216 2673 veneratur
1237 2589 1399 2671 solemni
1419 2614 1526 2701 pom·

170 2710 217 2786 pa
239 2691 505 2776 Sacerdotibus
528 2696 595 2776 sibi
627 2696 798 2781 invicem
824 2695 872 2777 ad
891 2719 975 2772 eam
996 2695 1041 2771 de
1094 2693 1269 2772 trandatrt
1292 2692 1523 2771 succedemr·

169 2790 238 2870 bus
257 2793 478 2877 Ariminum
499 2797 657 2879 detulit.
682 2798 761 2878 Ubi
782 2815 913 2876 autem
933 2795 982 2871 ad
1003 2820 1045 2870 ur
1074 2794 1108 2873 ic
1132 2815 1287 2894 portum
1311 2795 1520 2871 deventum

165 2888 242 2988 est,
269 2896 438 2998 ligneum
465 2901 638 3001 Deipatae
660 2898 903 2978 simulacrum
928 2914 1035 2973 tanto
1062 2896 1228 2995 pondere
1251 2890 1441 2985 constitit,
1475 2907 1523 3004 ut

165 2992 383 3080 terroribus
409 3006 647 3103 nequaquam
673 3000 770 3077 illud
791 2997 951 3075 ulterius
976 2994 1072 3074 serre
1092 2995 1332 3090 valentibu8‚
1357 2990 1522 3087 eprts-

165 3098 278 3194 copi,
303 3102 515 3179 &aliorum
525 3099 683 3180 consilio
695 3100 891 3179 decretum
911 3096 981 3195 stt,
1005 3095 1207 3175 Naviculae
1233 3094 1358 3189 illud,
1381 3111 1425 3169 ut
1441 3091 1523 3166 Ru·

167 3192 282 3278 sticus
309 3198 454 3302 pridem
479 3202 725 3303 exposuerat,
750 3202 979 3304 imponere.
1003 3196 1106 3279 Sacri
1133 3193 1312 3299 ponderis
1334 3193 1522 3310 virtutem

164 3297 364 3381 confestim
391 3325 434 3381 ut
458 3304 569 3382 sensu
591 3304 807 3401 Navicula,
822 3300 931 3404 quast
942 3300 1081 3383 Divioi
1101 3297 1254 3377 conscia
1268 3294 1524 3408 consiltrpot·

164 3417 252 3478 tum
279 3407 414 3503 egressa
440 3404 585 3485 redium
606 3406 790 3485 Venetiae
809 3405 934 3484 versus
956 3403 1029 3481 iter
1049 3399 1234 3502 arripuitt
1258 3395 1436 3479 nonnulli
1457 3419 1524 3471 au·

167 3517 245 3589 tem
269 3502 812 3603 exAriminensrbuscivibus,
835 3527 879 3585 ut
899 3502 1110 3583 admirandi
1132 3500 1294 3603 prodigii
1320 3498 1438 3577 finem
1458 3516 1523 3572 ex·

164 3600 360 3704 plorarent
387 3634 525 3689 navem
551 3610 726 3712 ingreffi,
750 3609 930 3710 cymbam
956 3602 1092 3687 calesti
1120 3602 1282 3682 numine
1294 3597 1444 3678 dottam
1471 3595 1525 3675 se·

169 3727 333 3803 quentes
366 3712 474 3789 brevi
501 3711 566 3790 via
594 3714 640 3790 ad
672 3709 1054 3790 Methamaucensem
1090 3726 1245 3806 portum
1279 3701 1525 3812 appuleruntr

124 3868 130 3875 .
169 3806 208 3883 C
241 3812 373 3889 mbula
399 3836 529 3891 autem
555 3813 720 3914 pretioso
745 3812 904 3913 pignore
921 3805 1081 3901 onusta,
1104 3831 1170 3906 pet
1192 3805 1365 3883 internos
1382 3804 1527 3915 Veneti

169 3931 199 3985 ar
232 3912 331 3991 uarii
367 3912 466 3992 srnus'
498 3917 546 3994 acl
581 3915 679 3993 Divi
710 3911 906 3992 Martialis
931 3909 1143 4010 Templum
1168 3905 1268 3985 tecla
1293 3901 1530 4021 contendtt‚

150 4034 286 4114 squam
313 4040 335 4091 a
361 4015 477 4113 longe
500 4016 682 4115 aspiciens
698 4016 855 4116 quidam
880 4030 975 4113 puer
998 4034 1049 4089 ex
1072 4031 1186 4089 utero
1209 4010 1353 4088 Matris
1376 4015 1530 4114 mutus,

168 4115 234 4212 qui
255 4117 368 4207 ,inter-
390 4116 488 4197 coeci
520 4118 641 4211 Patris
664 4117 818 4197 brachia
838 4112 1099 4208 deferebatur,
1122 4108 1356 4223 protinusin
1380 4098 1530 4214 seliquas

166 4235 286 4298 voces
309 4219 434 4299 exiliit
453 4275 470 4317 ‚‚
493 4221 720 4322 Patremque
744 4221 888 4315 suum,
924 4238 968 4294 ut
993 4217 1134 4295 sacram
1160 4212 1335 4309 Virgrnre
1358 4202 1527 4301 effigiem

165 4312 437 4420 veneraretur,
460 4321 682 4401 admonuit„
705 4323 802 4399 Haec
825 4342 869 4398 ut
893 4317 1001 4396 sensu
1023 4321 1136 4396 Pater
1159 4313 1268 4391 illico
1286 4308 1326 4383 in
1346 4327 1467 4403 genua
1479 4298 1527 4411 de

169 4426 329 4533 recepta?
343 4426 417 4508 filii
439 4424 595 4530 loquela
628 4422 769 4527 gratias
790 4423 953 4503 auarus..
964 4413 1216 4599 prqcumbit,
1240 4401 1529 4605 >dumqtgnilgtt-

226 4560 232 4565 ·
358 4552 383 4579 υ
1043 4578 1045 4585 ,
1097 4545 1123 4597 r.
