3850 5342
422 411 538 484 ‘¹40
740 389 850 472 Du
900 393 1462 477 Mors-usuario:

416 510 501 581 flebis
520 528 611 605 nuper
623 512 735 606 exibita
748 522 857 596 petitio
873 524 1065 613 cpntinebat,
1114 526 1277 603 prefatum,
1296 542 1361 584 curn
1374 519 1506 582 omnibus
1522 514 1678 595 {inuisa
1695 531 1768 595 pers

417 586 493 677 ‘blod
511 606 578 648 curu
598 611 628 650 in
646 592 722 684 dislo
739 598 916 677 Monasterio
934 601 1066 672 Quadra·
1114 605 1246 662 tinentiis
1271 601 1328 660 fuis
1355 602 1453 660 eidem
1485 595 1663 657 Monaleriu
1690 599 1761 653 San-

417 680 501 754 ginra
521 663 566 726 fex
594 666 638 726 vel
660 688 739 730 circa
762 675 931 735 monialium
951 678 1058 738 disiuru
1114 679 1152 737 eri
1173 677 1345 753 Hieronymi
1360 698 1375 753 ·,
1395 675 1570 736 ausioritaie
1587 670 1706 749 prefata
1726 672 1758 729 iu

417 739 549 830 ordinem
565 745 696 832 ‘expresse
713 749 904 836 professarum
925 772 1058 813 numerus
1108 770 1250 831 perpetuo
1284 756 1365 814 unias
1407 754 1572 826 incorpores
1604 747 1632 807 dr
1669 764 1760 806 anne·

415 816 1086 971 {lullussustinuerimus.-
1111 821 1762 967 siutisemiieiunia

397 970 1062 1129 -riiirirueurir,‘rusius
1113 978 1496 1119 esurientius
1509 972 1764 1112 uiuitur

416 1120 826 1217 prefateuibidemncommode
846 1132 996 1209 habitare,
1016 1148 1062 1194 at·
1111 1137 1164 1210 fe,
1191 1133 1401 1195 &couventui
1429 1127 1612 1206 corporalem
1633 1122 1763 1201 ejusdem

420 1216 476 1273 que
493 1196 636 1273 alresex
664 1202 742 1267 illius
770 1205 981 1285 facultatibus,
1007 1229 1062 1288 que
1113 1212 1280 1274 Mouafierii
1307 1209 1401 1269 sanai
1420 1207 1533 1267 undere
1561 1202 1759 1282 possessionem

419 1272 576 1367 admodum
592 1293 690 1370 tenues
709 1281 837 1343 &eriles
854 1282 935 1359 sunt,
956 1289 1063 1365 absque
1115 1290 1287 1350 aussoritate
1318 1282 1435 1364 propria
1469 1282 1558 1342 libere
1585 1276 1765 1365 reprebende-

419 1368 475 1425 piis
495 1352 598 1413 Christi
627 1352 754 1445 fidelium
781 1361 941 1421 elemosinis
968 1364 995 1423 se
1022 1364 1065 1423 fu·
1115 1386 1146 1427 re
1167 1368 1193 1424 se
1216 1379 1355 1441 perpetuo
1376 1363 1529 1431 retinere,
1557 1376 1592 1417 ac
1611 1357 1762 1431 huiusmo-

419 1425 544 1489 stentare
565 1431 591 1491 dr
612 1431 671 1493 alra
690 1438 730 1493 eis
759 1438 953 1498 incumbentia
975 1459 1065 1502 onera

419 1500 588 1591 supportare
609 1527 666 1567 non
707 1511 818 1587 ofsunt,
838 1513 900 1574 &si
922 1517 1064 1577 Mouasle·

419 1596 497 1667 rium
525 1583 616 1672 Sausli
639 1530 750 1647 Antlree
779 1588 814 1649 dc
834 1593 952 1650 Ymanis
981 1592 1064 1652 Ordi-

420 1672 466 1712 nis
487 1659 578 1716 Sanslr
599 1661 743 1722 Benedieli
774 1685 824 1741 per
845 1669 971 1728 Priorem
998 1670 1064 1729 soli·

423 1743 487 1790 tum
522 1734 676 1813 gubernari
711 1741 886 1802 Torcellane
913 1744 1068 1819 Diuersi,

418 1807 637 1941 pundopropter
657 1814 784 1892 paludosi
805 1821 908 1895 inquo
928 1822 1013 1881 situm
1029 1822 1068 1881 est

433 1900 479 1941 oci
501 1891 721 1965 intemperiem,
741 1895 902 1971 aplutibus
922 1901 1012 1957 Annis
1025 1898 1067 1956 ci·

420 1971 469 2017 tra
497 1964 648 2024 Monacbis
675 1968 703 2025 dr
728 1973 880 2031 Conuentu
917 1976 1013 2032 caruit
1040 1974 1067 2031 de

421 2032 580 2109 depressum
600 2057 706 2116 caret,
726 2062 761 2103 ac
782 2064 800 2104 a
820 2045 902 2106 nullo
920 2049 982 2108 alio
1002 2054 1067 2109 Mo·

420 2110 545 2172 nasterio
562 2158 572 2189 ,
592 2116 638 2176 vel
657 2120 785 2197 regulari
806 2118 874 2182 loco
893 2123 1037 2198 dependet
1057 2166 1067 2198 ,

420 2186 570 2276 suppressis
590 2190 617 2251 de
639 2198 758 2255 extimis
779 2198 807 2255 iu
822 2218 857 2260 eo
869 2199 978 2260 Ordine
998 2206 1067 2262 San·

421 2263 459 2348 §li
481 2264 624 2358 Benfdlffl
645 2271 672 2328 dr
693 2274 815 2332 Priorali
841 2277 986 2354 dignitate
1012 2280 1064 2337 liu·

421 2341 542 2432 jusmodi
565 2344 658 2404 eidem
686 2350 860 2413 Monasierio
880 2355 973 2413 sancii
996 2356 1065 2412 Hie·

419 2433 559 2504 ronymi,
586 2438 681 2499 aquo
702 2424 761 2484 sere
789 2446 839 2503 per
864 2427 911 2489 fex
938 2429 1066 2491 miliaria

419 2488 524 2581 distat,
546 2513 685 2570 perpetuo
698 2501 828 2562 uniretur
847 2505 1064 2577 annesleretur,

421 2566 450 2625 dr
479 2588 743 2650 incorporeretur,
763 2581 910 2642 abbatissa
936 2582 965 2641 de
989 2587 1065 2644 Con·

421 2660 526 2705 ventus
547 2649 659 2723 prefate
687 2655 764 2714 circa
785 2659 958 2732 perfessione
985 2658 1065 2720 edifi-

315 2792 324 2803 ν
421 2720 534 2782 ciorum
555 2724 581 2783 ἃ
601 2725 802 2797 struslurarum
822 2734 985 2809 hujusmodi
1002 2737 1066 2795 effi·

422 2799 534 2858 caciter
555 2801 722 2888 intendere,
749 2808 776 2868 fe
796 2829 909 2887 quoque
929 2811 1065 2872 sustenta·

422 2890 454 2960 re
474 2873 681 2950 &huiusmodi
702 2903 792 2944 onera
811 2887 948 2963 perficere
969 2907 1066 2948 como·

422 2947 486 3006 drus
509 2955 641 3043 possent.
667 2964 761 3030 Quare
792 2981 845 3038 pro
865 2981 948 3040 parte
976 2965 1066 3025 disia-

419 3038 484 3113 rum
505 3027 649 3089 Abbatisfe
676 3035 701 3093 dr
721 3041 888 3099 Conventus
908 3085 918 3114 ,
943 3041 1066 3100 asseren-

420 3112 494 3191 tium
517 3103 594 3182 quod
622 3110 714 3171 Sausti
744 3116 913 3189 Hieronymi
941 3119 1065 3195 Viginti·

417 3195 547 3310 Xurnque
574 3201 687 3273 necnon
715 3188 808 3249 seneli
829 3193 940 3253 Andree
962 3198 1066 3252 Mona·

441 3274 533 3342 ertum
555 3258 748 3334 predisiotunr
776 3283 894 3328 centum
915 3268 941 3328 dc
962 3269 1065 3329 Oslua·

440 3344 502 3389 inta
522 3330 699 3425 florenorum
720 3344 781 3401 auri
802 3345 838 3404 de
857 3349 982 3406 Camers
1005 3345 1065 3405 fru-

450 3424 480 3463 us
508 3408 634 3470 redditus
662 3414 688 3473 dr
716 3433 874 3495 proventus
911 3421 1066 3482 secundum

334 3502 336 3505 ·
418 3497 602 3546 communem
624 3492 812 3557 extimatione
831 3496 960 3557 valorem
976 3497 1063 3555 annui

417 3575 479 3648 uon
494 3561 653 3639 excedunt,
674 3569 756 3630 nobis
769 3572 825 3633 fuit
839 3563 990 3633 humiliter
1004 3572 1066 3647 sup·

418 3634 586 3725 plicarum,
613 3658 646 3701 ut
672 3647 712 3705 eis
738 3649 894 3726 superbiis
920 3664 1065 3723 oportune

418 3709 572 3784 providere
591 3717 631 3779 de.
647 3718 827 3800 benignitate
843 3723 1007 3800 Apostolica
1021 3721 1065 3782 di·

353 3838 355 3843 ,
419 3803 590 3882 gnaremur3
612 3798 670 3855 Nos
691 3800 780 3877 igitur
796 3801 831 3861 ile
846 3799 984 3876 premissis
1005 3817 1067 3858 cer·

420 3875 482 3949 tant
504 3882 638 3929 notitiam
660 3892 717 3931 nori
739 3875 898 3948 babentes,
919 3875 1064 3948 hujusmo-

418 3933 449 3992 di
469 3938 723 4028 supplicationibus
745 3951 896 4022 inclinati,
916 3952 1063 4009 Fraterni-

420 4022 477 4071 tati
499 4032 547 4076 tue
566 4039 617 4095 per
637 4024 801 4097 Apostolica
820 4027 928 4100 scripta
948 4025 1064 4086 manda·

418 4103 510 4161 nius,
534 4111 675 4168 quatenus
695 4097 731 4157 de
750 4101 889 4175 premissis
909 4101 1064 4160 ausloiita·

418 4175 450 4221 te
471 4165 617 4230 nostrate
636 4172 791 4253 diligenter
812 4177 975 4248 informes,
995 4177 1062 4237 &si

419 4255 471 4313 per
490 4247 695 4308 informatione
715 4250 876 4326 hujusmodi
893 4251 936 4310 ita
948 4252 1004 4311 esse
1019 4272 1064 4313 re·

1115 1445 1145 1502 di
1165 1440 1244 1501 illius
1273 1439 1380 1499 fredus
1410 1434 1537 1496 redditus
1556 1434 1764 1522 &proventus

1115 1522 1144 1578 iu
1162 1517 1364 1608 perfesliuueni
1379 1513 1556 1602 &fabricam
1570 1508 1639 1569 distr
1658 1512 1766 1641 plone&-

1114 1595 1491 1753 reuersurus
1508 1586 1766 1749 irrisuri,

1117 1747 1288 1819 dehabere,
1314 1742 1437 1819 alicuius
1456 1741 1538 1818 super
1563 1738 1619 1798 boc
1643 1734 1766 1795 licentra

1117 1825 1235 1883 minime
1256 1819 1409 1898 requisita,
1429 1838 1487 1878 non
1501 1813 1682 1876 obstantibus
1699 1828 1767 1869 con·

1117 1897 1315 1959 stitutionibus
1341 1897 1373 1956 de
1392 1889 1625 1955 ordinationibus
1644 1886 1765 1963 Aposto·
1856 1914 1858 1917 ·

1118 1975 1183 2034 licis
1203 1993 1316 2033 necnon
1345 1969 1585 2031 Monasteriorum
1605 1964 1633 2025 u
1653 1962 1766 2023 ordinis

1119 2050 1310 2127 predisiorum
1346 2048 1510 2124 juramento
1540 2039 1767 2102 confirmatione

1117 2126 1280 2204 Apostolica
1295 2124 1341 2185 uel
1363 2125 1464 2203 quavis
1484 2120 1624 2182 firmitate
1646 2114 1709 2183 alia
1724 2132 1768 2174 ro·

1118 2201 1248 2277 boratis,
1269 2193 1768 2262 statutis&consuetudinibuscete-

1118 2281 1213 2356 risque
1232 2279 1388 2338 contrariis
1407 2275 1574 2354 quibuscum
1597 2290 1651 2344 ue,
1671 2284 1725 2328 aut
1746 2263 1767 2325 ii

1115 2354 1206 2432 aliqui
1236 2355 1317 2431 super
1344 2350 1552 2430 provisionibus
1575 2290 1628 2408 libi
1656 2344 1768 2434 facien·

1115 2429 1159 2493 dis
1178 2434 1213 2493 de
1235 2435 1365 2501 Prioratu
1386 2424 1523 2503 speciales
1553 2421 1599 2483 uel
1626 2419 1692 2482 aliis
1712 2420 1764 2478 be·

1115 2508 1226 2568 ueficiis
1260 2505 1462 2571 Ecclefiaslicis
1492 2504 1521 2562 in
1549 2482 1607 2559 slis
1634 2496 1767 2575 partibus

1114 2583 1270 2644 Generales
1291 2580 1449 2659 apostolice
1477 2577 1554 2639 Sedis
1575 2573 1622 2635 uel
1650 2570 1764 2652 legato·

1115 2680 1179 2721 rum
1200 2661 1260 2735 ejus
1291 2658 1407 2721 litteras
1434 2654 1618 2731 impetrarint
1650 2645 1764 2709 etiamfi

1116 2757 1179 2873 get]
1196 2756 1244 2798 eas
1264 2736 1302 2796 ad
1323 2734 1507 2868 inipitilpuem
1538 2728 1765 2863 τείξὲἒῗὶῐὲἓῗεὲῗ

1180 2830 1307 2873 ecretuur
1329 2831 1361 2870 ve
1394 2829 1468 2870 aras
1508 2826 1573 2867 uum

1117 2890 1293 2966 processum,
1313 2907 1384 2966 quos
1400 2829 1514 2963 quidefu
1530 2880 1686 2943 litteras&
1703 2895 1769 2953 pro·

1118 2966 1206 3025 cessus
1226 2965 1341 3024 habitos
1370 2984 1420 3039 per
1441 2960 1555 3021 easdem
1575 2976 1610 3018 ac
1629 2972 1767 3032 quecum-

1139 3060 1172 3099 ue
1192 3040 1258 3101 inilr
1279 3041 1401 3111 secuta,
1421 3037 1457 3098 ad
1479 3037 1640 3097 Prioratum
1661 3034 1769 3089 Mona.

1118 3062 1195 3177 florii
1223 3118 1315 3176 Sansii
1343 3112 1454 3175 Andree
1491 3106 1654 3187 hujusmodi
1682 3103 1769 3165 volu·
1839 3134 1845 3141 ·

1115 3212 1177 3253 mus
1200 3213 1257 3252 non
1279 3190 1424 3263 extendi,
1444 3187 1490 3249 fed
1509 3186 1620 3248 nullum
1642 3203 1694 3260 per
1713 3182 1769 3240 hoe

1114 3270 1156 3403 {is
1169 3270 1282 3404 ql⁰¹²d
1297 3269 1501 3401 alseclurionem
1516 3266 1698 3397 Prioplatuum
1714 3271 1765 3317 aut

1115 3361 1473 3497 „iiiiiffli‘s'niissl
1489 3352 1767 3499 ,siliculus
1859 3426 1863 3431 -

1114 3499 1221 3631 fentiis
1251 3497 1407 3556 &litteris
1439 3493 1608 3571 Apostolicis
1640 3493 1769 3549 Genera·

1128 3571 1190 3631 ibus
1223 3573 1269 3633 uel
1303 3570 1470 3650 spetialibus
1504 3584 1685 3701 quorumque
1727 3577 1769 3621 te·

1115 3651 1194 3708 noris
1210 3650 1348 3723 existant,
1370 3669 1420 3725 per
1438 3668 1493 3726 que
1514 3645 1637 3724 presenti
1660 3662 1690 3700 us
1709 3654 1766 3703 uon

1118 3727 1247 3858 giprefsa
1268 3723 1313 3785 vel
1335 3724 1472 3859 rotaliitep
1492 3742 1548 3859 ηοῖ
1571 3712 1767 3851 ὶηῖεκεαῃξὲἱεί·

1148 3821 1179 3859 us
1205 3820 1344 3861 earumr
1397 3822 1469 3860 eiii
1498 3814 1595 3859 vaeat
1644 3814 1682 3854 uo
1758 3816 1771 3834 ·

1119 3874 1168 3937 bet
1188 3875 1235 3936 vel
1255 3820 1431 3950 differrssff&
1454 3876 1489 3936 de
1508 3874 1610 3952 quibus
1622 3817 1768 3957 {uorum-

1114 3971 1169 4027 que
1190 3954 1260 4012 totis
1281 3953 1428 4015 tenoribus
1443 3946 1575 4012 habenda
1596 3944 1631 4008 sit
1646 3950 1676 4005 iii
1695 3962 1764 4004 meis

1115 4025 1224 4086 litteris
1245 4031 1354 4089 mentio
1374 4027 1501 4105 spetialis
1518 4024 1643 4102 provisio
1665 4039 1762 4082 tamen

1113 4101 1191 4237 guod
1218 4103 1324 4164 dislum
1358 4104 1564 4165 Monasterium
1593 4100 1689 4161 Sansli
1709 4104 1767 4157 Ana

1135 4198 1180 4238 ree
1213 4179 1330 4240 debitis*
1348 4197 1502 4258 propterea
1529 4198 1587 4238 uon
1616 4175 1769 4237 fraudetur

1113 4250 1269 4333 obsequiis,
1291 4255 1336 4316 feri
1349 4276 1474 4336 congrue
1489 4255 1696 4333 supportentur
1709 4252 1768 4326 eius

419 4319 657 4395 peteris,fuper
677 4345 735 4401 quo
754 4342 834 4387 tuam
856 4327 1061 4389 conscientiam
1111 4348 1199 4389 onera
1234 4332 1396 4406 consueta,
1432 4354 1484 4392 nos
1515 4335 1591 4391 enim
1623 4350 1659 4391 ex
1693 4345 1769 4391 nunc

420 4413 590 4474 oneramus,
610 4401 817 4466 Monasterium
836 4403 1060 4483 SandiAndree
1109 4408 1228 4487 irritum
1255 4408 1433 4473 decernimus
1460 4411 1486 4470 de
1517 4410 1604 4472 ierne
1633 4407 1653 4469 ii
1682 4407 1762 4465 secus

1642 4482 1723 4560 super
