3850 5342
491 446 577 554 256
684 440 755 523 DE
789 437 992 522 tronis-r.
1024 434 1063 518 8(
1094 436 1305 521 Ecccrsm
1338 430 1531 516 Pnnoctr.

429 591 589 695 Augusti
617 591 658 669 in
684 588 776 669 sesto
809 588 1169 689 Transfigurationis
1200 586 1415 667 Dominicae
1449 605 1560 686 atque
1587 581 1648 663 dre
1676 607 1774 666 nona

427 692 664 775 Novembris
689 692 729 769 in
756 690 994 767 solemnitate
1021 693 1056 767 S.
1079 689 1275 767 Theodori
1297 687 1480 788 Martyris
1505 688 1646 785 septem
1657 711 1776 766 annos

427 795 664 894 totidemque
689 791 941 892 quadragenas
967 790 1012 866 de
1039 788 1215 888 injundiis
1235 787 1469 891 poenitentiis
1490 785 1778 866 misericorditer

430 895 614 980 relaxavit
642 893 751 993 (Η).
778 893 884 970 Cum
897 915 1046 969 veroex
1058 889 1240 970 vetustate
1253 889 1436 970 nonnulli
1464 885 1775 989 ipfiusMonaste·

428 994 476 1075 rii
505 993 661 1073 aedificia
687 1012 886 1091 vergerent
912 990 986 1089 jam
1014 992 1059 1069 ad
1086 991 1247 1092 ruinas„
1283 990 1560 1091 supralaudarus
1581 989 1774 1088 Eugenius

426 1120 534 1175 novo
559 1094 724 1190 ejusdem
752 1091 843 1170 anni
871 1120 974 1194 1334
1002 1093 1223 1192 Diplomate
1250 1092 1338 1169 dato
1361 1090 1562 1168 Florentiae
1585 1113 1665 1166 rvr.
1692 1093 1775 1171 Kal

426 1193 606 1273 Odiobris
632 1195 701 1293 (Ι)
725 1193 912 1293 Episcopo
938 1192 1229 1272 administratori
1257 1189 1432 1287 indulsn,
1458 1213 1499 1268 ut
1515 1191 1641 1291 aliqua
1667 1190 1776 1290 ipsius

426 1293 612 1376 Coenobii
641 1294 774 1395 praedia
800 1292 841 1372 in
867 1317 957 1394 agro
984 1293 1185 1373 Tarvistno
1222 1291 1417 1372 existentia
1448 1316 1618 1391 congruo
1656 1293 1777 1393 pretio

426 1397 704 1490 venderentur,
730 1395 767 1474 8(
787 1418 833 1471 ex
855 1394 908 1473 eis
931 1394 1077 1474 redasia
1103 1394 1262 1496 pecunia
1289 1393 1329 1472 in
1353 1394 1487 1473 aedium
1502 1395 1775 1491 reparationem

424 1493 590 1597 atqueio
604 1494 756 1574 utiliora
768 1499 1183 1575 bonaconverteretur.
1211 1499 1286 1575 Res
1298 1495 1349 1574 est
1361 1495 1408 1571 ad
1420 1491 1659 1576 Pontificiam
1673 1521 1778 1574 men·

424 1618 506 1675 tem
534 1595 751 1676 executioni
777 1597 973 1676 mandata.
1000 1596 1104 1676 Hinc
1131 1597 1176 1676 ad
1197 1596 1520 1691 Rechanatenses,
1545 1594 1582 1671 8(
1610 1594 1779 1675 Macora-
1856 1649 1862 1658 -

424 1698 546 1776 tenses
566 1695 701 1775 insulas
728 1696 873 1776 tametsr
896 1699 1069 1779 Thomas
1094 1695 1245 1777 curdus
1272 1697 1416 1791 suisset,
1491 1693 1780 1794 rApostolicum

417 1796 592 1898 {ingenii
605 1797 815 1875 Decretum
844 1799 923 1898 (L)
951 1821 1151 1900 perpetuus
1173 1796 1283 1899 ipsros
1306 1798 1428 1876 Mona
1459 1797 1528 1874 etii
1551 1796 1779 1876 administra·

423 1916 510 1993 tor,
534 1899 572 1976 &
597 1899 839 1997 gubernator
854 1900 1099 1978 confirmatos
1120 1900 1194 1994 est,
1223 1921 1266 1975 ut
1291 1896 1364 1999 ipse
1388 1896 1599 1993 Prioratus,
1617 1896 1779 1998 pucino

418 1996 471 2103 fis
495 1993 656 2096 ejusdem
682 1994 848 2100 Episcopi
868 1996 1033 2102 studiis,
1068 1998 1118 2079 (T
1143 1994 1324 2078 laboribus
1348 1996 1486 2075 votiva
1512 1997 1717 2101 susciperet
1740 1997 1779 2077 iu

418 2091 678 2202 spiritualibus
705 2097 962 2179 incrementa.
1001 2104 1073 2179 Pro
1099 2100 1224 2180 sutura
1255 2100 1388 2180 deinde
1420 2099 1558 2179 Prioris
1579 2101 1777 2184 Eledione

425 2223 547 2280 certas
573 2198 710 2280 servari
737 2201 838 2301 leges
865 2202 1038 2303 praecepit
1060 2202 1120 2279 Eu
1148 2202 1277 2281 errius:
1303 2227 1469 2303 cumque
1489 2202 1714 2282 adThomae
1725 2226 1777 2281 ar·

425 2298 610 2396 binium,
634 2302 672 2379 &
697 2300 861 2397 ejusdem
885 2302 1024 2383 Prioris
1049 2228 1299 2400 nebionem,
1324 2303 1360 2381 8(
1382 2304 1510 2403 legum
1532 2300 1688 2400 statuta,
1716 2304 1779 2382 seu

424 2399 715 2479 reformationes
742 2426 790 2481 ex
815 2402 965 2505 integro
982 2404 1240 2485 demandasset
1262 2432 1275 2498 3
1301 2403 1451 2508 insuper
1476 2401 1630 2502 adjecit,
1658 2426 1701 2482 ut
1728 2400 1780 2485 ab

424 2497 440 2577 i
468 2498 538 2579 sius
559 2501 734 2608 Episcopi
782 2506 1058 2605 uandocunque
1076 2504 1281 2607 contigerit
1301 2505 1411 2585 obitu
1432 2505 1621 2586 Canonici
1648 2504 1692 2583 in
1714 2530 1777 2606 po

457 2625 564 2681 erum
592 2602 739 2683 sibimet
798 2604 935 2685 riorem
963 2608 1035 2687 rite
1061 2608 1278 2710 eligerent,
1314 2608 1419 2709 cujus
1445 2604 1776 2690 administrationis

422 2724 564 2817 munus
592 2702 705 2783 unico
731 2727 881 2785 tantum
909 2734 1012 2789 anno
1038 2713 1234 2813 perdurare
1262 2712 1358 2812 posse
1386 2709 1575 2791 decrevit.
1601 2709 1661 2787 Ut
1687 2709 1775 2787 ueto

421 2802 593 2920 clariora·
609 2804 825 2888 dilesiioois
850 2811 922 2889 suo
948 2835 1170 2912 argumenta
1196 2814 1399 2914 praeberet,
1425 2811 1594 2891 Priorem
1608 2832 1776 2911 protem·

476 2930 516 2984 re
532 2903 757 3020 existentem
779 2909 1030 2991 ecclesallicis
1051 2913 1243 2992 decoravit
1267 2914 1499 3009 honoribus,
1525 2935 1642 3014 utque
1665 2910 1706 2991 in
1728 2910 1777 2992 so·

439 3008 638 3103 emmbus,
663 3008 985 3092 &emortualibus
1007 3014 1117 3113 ipsios
1128 3013 1301 3095 Ecclefiae
1314 3013 1617 3094 solemnitatibus
1641 3012 1777 3111 mitra,
1855 3053 1857 3056 ·

419 3107 539 3221 anulo
550 3162 575 3223 ‚·
589 3109 746 3209 aliisque
769 3111 1226 3216 pontificalibusinstgniis
1238 3116 1293 3195 uti
1307 3118 1445 3219 posset,
1471 3114 1643 3195 indulsit.
1671 3114 1776 3193 Non·

420 3205 540 3285 uullts
567 3227 693 3322 itaque
719 3211 900 3310 religiosrs
926 3213 1018 3293 viris
1044 3216 1089 3293 ad
1099 3217 1303 3298 Ecclefiam
1315 3218 1561 3297 excolendam
1588 3212 1775 3309 indubiis,

345 3359 348 3364 ·
422 3325 467 3384 ut
493 3304 643 3424 firmtor
667 3334 707 3423 (η
733 3312 864 3390 eadem
892 3338 1149 3429 permaneret,
1175 3319 1212 3397 8(
1239 3319 1279 3397 in
1307 3319 1386 3398 dies
1411 3340 1611 3419 augeretur
1638 3314 1776 3396 Divini

423 3405 550 3522 cultus
577 3408 739 3512 reltgm,
763 3413 809 3490 ad
836 3412 911 3529 loct
938 3413 1149 3498 incolatum
1176 3420 1251 3521 ipse
1278 3422 1473 3500 Romanus
1502 3417 1679 3498 Pontifex
1704 3417 1777 3495 Eu·

449 3528 558 3588 emus
596 3534 697 3624 anuo
735 3540 840 3612 1441.
869 3539 966 3593 vrvae
995 3518 1098 3598 vocis
1133 3522 1289 3601 oraculo
1322 3520 1544 3600 Canonicos
1569 3519 1776 3621 Regulares

463 3611 743 3721 ongregattoois
753 3616 788 3690 S.
801 3615 1005 3697 Salvatoris
1016 3619 1261 3701 Bononiensis
1287 3622 1353 3701 sibi
1382 3650 1460 3702 non
1486 3621 1639 3719 minus,
1664 3644 1777 3723 quam

419 3705 518 3819 olim
548 3731 682 3806 patruo
709 3715 776 3791 suo
806 3717 996 3817 Gregorio
1023 3721 1109 3799 x11.
1137 3725 1187 3802 ob
1214 3725 1388 3824 praeclata
1425 3724 1613 3802 virtutum
1640 3723 1776 3802 merita

421 3806 627 3887 carissimos
654 3815 848 3927 evocavit.
877 3820 1102 3922 Apostolicae
1130 3824 1314 3924 largitatis
1335 3845 1474 3904 munus
1524 3849 1591 3923 ea,
1616 3851 1690 3927 qua
1713 3847 1777 3928 par

420 3904 498 4001 est,
525 3931 746 4028 reuerentia·
762 3915 960 4018 suscipiens
987 3880 1775 4046 ipsiusCongregationifdibneralisPrior²

422 4001 605 4090 Venetus
632 4012 766 4092 direxit
794 4016 924 4098 decem
951 4021 1086 4102 &osio
1096 4027 1338 4124 Canonicos,
1363 4029 1501 4310 {pibus
1524 4029 1694 4112 Fratrem
1706 4026 1774 4102 Lu·

420 4127 509 4183 cam
536 4111 735 4227 denssatdis
758 4119 1026 4202 Florentinum
1040 4126 1183 4206 Vicarii
1207 4128 1321 4208 titulo
1343 4155 1367 4231 p
1386 4128 1526 4208 aesecit.
1555 4125 1713 4229 Templi
1738 4126 1773 4206 8(

420 4203 607 4326 βςεηοὺμ
635 4216 799 4332 possessu>
825 4220 886 4299 die
914 4223 1034 4324 prima
1057 4228 1215 4326 Augusti
1243 4229 1367 4326 ejusde
1434 4228 1547 4325 anni,
1573 4229 1621 4308 ab
1632 4228 1770 4318 eisdem

418 4327 517 4383 rmta
539 4308 612 4427 suit
630 4315 786 4395 soletum
809 4323 947 4419 modo,
975 4328 1131 4406 Venetae
1156 4330 1489 4411 Urbisuucatum
1517 4328 1770 4409 administrau-

412 4420 458 4507 με
480 4406 678 4502 francisco
689 4418 869 4505 Foscaro
895 4424 1019 4528 Ipsam
1036 4427 1414 4533 polleaCauonieam
1433 4435 1482 4516 ad
1499 4431 1668 4522 redditus
1689 4432 1769 4512 Plu

1612 4559 1721 4617 reno·
