3850 5342
420 391 662 477 Onurrrrs
692 388 990 473 Santonon
1022 390 1148 475 ΒΜ.
1168 392 1220 475 V.
1376 415 1428 503 37

70 568 74 575 ·
153 592 182 644 „
258 566 321 623 am
341 537 592 644 praetermisrt.
618 538 679 619 Eo
689 536 864 620 Veneriis
882 535 1134 619 concionante
1154 541 1169 641 (
1190 564 1214 615 a
1232 538 1274 635 ),
1298 537 1384 617 Viri
1403 562 1493 641 qua·

152 696 180 742 „
204 570 397 747 diaginta,
422 640 568 721 infidias
590 638 730 719 Mundi
756 640 1012 737 declinantes,
1036 640 1074 719 se
1101 639 1142 720 in
1165 639 1349 719 familiam
1360 640 1494 719 Servo-

150 798 179 842 „
204 771 294 825 rum
320 761 564 846 receperunt,
589 766 678 822 cum
704 738 772 821 alii
798 740 910 820 illum
936 742 988 820 ob
1014 738 1277 842 Apostolicum
1303 738 1492 819 servorem

149 895 179 942 „
205 849 259 925 D.
280 845 397 925 Paulo
423 842 778 935 affimilarent321ii
805 843 1059 922 transeuntem
1088 864 1265 944 tangere,
1289 840 1328 921 8(
1353 837 1495 921 veliem

151 998 181 1044 „
207 947 371 1027 lacerare
396 945 637 1026 niterentur.
664 944 772 1022 Dum
798 944 949 1025 tandem
979 942 1094 1023 Utini
1120 943 1219 1024 inter
1254 967 1384 1024 carnes
1409 966 1496 1042 qua·

137 1098 181 1148 v„
206 1045 418 1149 dragesrmae
444 1044 614 1147 jejunia,
649 1070 726 1125 non
751 1044 875 1126 solum
901 1043 1056 1160 lingua,
1081 1044 1143 1124 sed
1168 1043 1345 1147 operibus
1365 1039 1498 1158 sansti-

149 1199 179 1243 „
205 1146 357 1242 ficaret3
393 1149 431 1229 8(
457 1168 516 1228 tor
542 1166 647 1228 entes
672 1147 895 1228 mortalium
919 1170 1066 1227 amrnos
1091 1145 1134 1227 in
1161 1146 1220 1227 his
1245 1146 1396 1225 caducrs
1432 1143 1498 1223 bo-

147 1298 179 1344 ·,‚
204 1248 296 1347 nis,
331 1249 377 1329 ad
404 1249 499 1351 posse
542 1274 656 1332 onem
682 1270 910 1333 eternorum
947 1267 1096 1350 urgeret
1117 1232 1146 1343 ξ
1165 1250 1338 1348 longeva
1365 1242 1497 1340 artati,

26 1362 28 1366 ’
150 1400 179 1445 ,,
205 1375 296 1429 nam
323 1349 592 1452 ouogesmum
617 1377 762 1433 annum
788 1352 1004 1455 superabat,
1029 1349 1145 1431 finem
1172 1348 1295 1429 dedit.
1322 1346 1410 1427 Hoc
1432 1369 1498 1424 an·

34 1502 38 1506 -
150 1500 179 1547 „
205 1470 360 1551 tequam
386 1453 533 1550 obiret,
558 1452 868 1555 praemonstrato,
886 1452 925 1531 8(
942 1450 1056 1531 variis
1077 1448 1261 1553 portentis
1280 1445 1394 1545 adis,
1420 1444 1497 1525 Pri·

153 1601 182 1646 „
208 1551 273 1631 die
298 1553 385 1633 Cal.
416 1552 552 1633 Martii
587 1580 689 1634 anno
716 1582 820 1656 1491.
857 1553 903 1631 ad
928 1549 1110 1633 calestem
1146 1551 1317 1654 requiem
1342 1546 1502 1650 emigra-

150 1701 182 1747 „
207 1651 290 1765 trit.
315 1651 537 1753 Exposrtum
564 1651 615 1733 est
640 1676 775 1752 corpus
800 1653 843 1732 in
862 1654 969 1733 Fano
990 1654 1195 1733 Servorum
1222 1648 1421 1732 communi
1439 1648 1501 1749 Ju-

151 1802 182 1848 „
209 1749 384 1830 irensrum
413 1749 541 1847 ludu,
565 1749 632 1852 qui
657 1750 759 1832 circa
779 1750 959 1831 feretrum
970 1753 1078 1831 velut
1099 1749 1387 1830 inconsolabiles
1406 1747 1505 1844 filii,

153 1848 414 1952 „spiritualis
441 1850 562 1931 Patris
596 1849 777 1954 jacturam
812 1853 1058 1952 ploraverunt
1084 1852 1098 1950 (
1118 1847 1173 1947 b)
1194 1908 1204 1926 .
1232 1848 1293 1928 lbi
1317 1848 1503 1928 sacratum

155 2002 185 2049 „
210 1951 369 2033 cadaver
394 1948 543 2049 jacuit,
579 1975 775 2054 quousque
796 1953 965 2031 Andreas
986 1949 1228 2032 Lauredanus
1250 1950 1407 2029 Senator
1429 1949 1505 2024 Ve-

156 2104 185 2148 „
202 2072 358 2148 nctus,
390 2051 428 2131 8(
460 2051 644 2149 forojulii
676 2047 872 2133 Praeseuus
908 2049 1128 2154 apraesenti
1162 2048 1296 2130 mortis
1332 2046 1503 2164 periculo

154 2204 183 2249 „
208 2152 414 2249 liberatus,
439 2151 537 2231 illud
557 2149 739 2233 Venetias
763 2152 870 2233 vexit
896 2171 939 2231 ut
963 2170 1120 2254 augeret
1139 2152 1228 2231 Deo
1253 2148 1439 2253 glorram,
1464 2146 1502 2226 8(
1613 2242 1615 2245 v

71 2282 77 2291 ¹
158 2305 185 2349 „
209 2252 425 2334 Liberatori
445 2252 617 2333 cultum.
644 2253 737 2334 Erat
747 2253 1015 2334 Bonaventura
1035 2276 1192 2355 corpore
1217 2276 1356 2353 parvo,
1382 2248 1419 2328 8(
1445 2272 1502 2326 re·

156 2354 478 2457 „spondentibus
505 2351 650 2435 statura
675 2354 858 2437 membris
885 2354 1109 2457 prolixam,
1144 2354 1182 2432 8(
1208 2351 1394 2435 incultam
1420 2350 1503 2427 bar·

157 2506 186 2549 „
212 2459 326 2554 bam,
349 2483 393 2536 ac
419 2455 741 2537 contemnendum
769 2454 944 2536 habitum
971 2453 1145 2550 serebat3
1170 2451 1247 2533 stne
1271 2449 1504 2548 tibialibus,

157 2607 186 2650 „
212 2581 257 2636 ac
282 2557 417 2640 calceis
489 2584 508 2638 r
532 2559 647 2639 calles
672 2555 793 2660 glacie
819 2558 858 2637 8(
883 2555 973 2643 nive
994 2555 1157 2657 rigentes
1168 2553 1435 2667 gradiebatur,
1457 2570 1502 2628 ut

158 2706 187 2752 „
213 2657 306 2771 sape
331 2661 378 2738 ab
404 2660 443 2762 ip
458 2687 487 2740 rs
513 2659 662 2741 rimulis
728 2660 819 2739 dum
841 2683 953 2742 cruor
972 2678 1185 2738 emanaret.
1212 2657 1366 2738 Durum
1386 2671 1504 2766 errant

159 2807 190 2853 „
216 2777 304 2837 vua
330 2758 546 2841 institutum
571 2761 674 2864 prose
704 2787 746 2841 us
771 2759 858 2855 est,
891 2785 980 2841 nam
1006 2785 1030 2838 a
1054 2758 1262 2856 carnibus,
1297 2756 1336 2836 8(
1360 2779 1383 2833 a
1408 2774 1504 2833 vrno

159 2907 187 2953 „
214 2858 417 2958 abstinuit,
441 2884 644 2943 contentus
667 2888 788 2964 aqua,
812 2887 932 2963 pane,
958 2861 997 2940 8(
1024 2859 1174 2958 herbis,
1200 2859 1263 2940 vel
1290 2857 1331 2936 in
1355 2854 1503 2951 humo,

47 2972 51 2973 *
158 3009 185 3054 „
213 2960 276 3039 vel
302 2960 344 3041 in
369 2963 510 3044 tabulis
533 2964 678 3065 semper
703 2961 914 3063 requievit3
939 2959 1084 3040 catenis
1108 2960 1147 3038 8(
1171 2960 1298 3060 flagris
1322 2954 1421 3037 sese
1447 2953 1506 3033 irr-

160 3108 188 3154 „
213 3059 422 3143 clementer
447 3062 657 3157 cruciavit,
682 3086 731 3142 ne
757 3061 906 3177 corpori
927 3060 1062 3138 deesset
1084 3059 1207 3138 ullum
1228 3079 1425 3159 poenarum
1446 3076 1507 3152 ge-

162 3211 190 3256 „
217 3187 312 3258 nus,
337 3164 375 3242 8(
401 3162 548 3264 spiritui
574 3161 800 3242 meritorum
825 3179 1107 3241 rncrementum
1132 3157 1202 3339 ξε)
1224 3216 1233 3235 .
1259 3155 1350 3255 Ejus
1376 3153 1510 3266 imago.

160 3311 191 3356 „
218 3264 371 3341 extabat
397 3262 443 3342 ad
480 3286 645 3378 unguem
672 3262 833 3365 expressa
858 3261 901 3340 in
925 3260 1106 3342 columna
1157 3317 1167 3338 .
1194 3258 1330 3338 Maria
1353 3254 1505 3335 Munus

162 3409 191 3457 „
217 3360 342 3443 Berici
369 3363 616 3462 Vincentia,
641 3384 822 3466 tanquam
849 3360 1018 3442 hominis
1043 3361 1165 3443 macie
1191 3354 1353 3441 confecti
1373 3410 1388 3453 ,
1412 3378 1503 3456 pan·
1546 3450 1548 3453 ι

163 3509 192 3557 ,,
217 3460 329 3560 nost,
364 3463 402 3543 8(
427 3464 622 3643 θαὲοΙΙυηι
648 3462 950 3561 contreslantis,
985 3488 1076 3544 curn
1103 3465 1174 3541 bac
1198 3459 1325 3574 epigra
1352 3456 1421 3534 he.
1465 3456 1505 3534 A

163 3612 191 3657 ‚,
216 3562 442 3644 Penirenza.
516 3590 581 3643 um
602 3567 828 3668 Gasparinus
848 3568 1045 3661 Venetus,
1070 3563 1107 3643 &
1128 3562 1317 3642 Matthras
1378 3555 1508 3658 yolius

164 3711 193 3758 ‚,
218 3663 392 3764 elegiacis
413 3664 561 3746 Naniis
587 3668 774 3769 prosecuti
800 3668 909 3764 sunt,
935 3666 973 3745 8(
993 3664 1059 3744 alii
1080 3663 1287 3765 Scriptores
1307 3654 1508 3759 condignis

116 3810 120 3815 ·
164 3811 193 3859 „
218 3764 415 3863 laudibus,
440 3767 539 3849 inter
556 3769 696 3850 multas
707 3758 983 3852 bonaventura
1005 3764 1166 3850 virtutes
1184 3760 1352 3879 rigidum
1377 3757 1509 3842 viven-

169 3863 262 3959 „di
287 3867 446 3949 modum
472 3869 711 3951 celebrarunt
738 3867 835 3972 (d)·
1376 3960 1468 4030 eum

171 4082 194 4121 rr
212 4042 276 4123 (ἃ)
295 4058 370 4116 nnn.
387 4055 468 4130 1486.
492 4059 573 4133 1488.
598 4055 701 4135 quibus
719 4069 842 4135 utraque
867 4056 933 4118 viee
952 4053 1122 4117 concionem
1141 4051 1244 4116 habuit
1271 4049 1303 4112 in
1322 4045 1445 4130 Capella
1464 4046 1503 4105 Ι).

173 4160 196 4197 2>
346 4125 442 4182 Marci
460 4129 498 4185 td
516 4140 651 4222 Senatum
670 4134 762 4225 indie
775 4130 955 4224 palmarum.

174 4237 194 4270 υ
213 4193 276 4276 (b)
293 4200 340 4333 ξε
360 4198 514 4336 eulquqpfi
533 4206 629 4298 strum
649 4209 780 4270 exhibito
798 4208 1057 4300 vadendalaonexa
1075 4205 1267 4296 documenra3
1307 4279 1315 4293 ι
1365 4276 1374 4290 .
1467 4266 1496 4333 ss

175 4312 197 4425 :3
214 4275 273 4351 (⁶)
310 4282 1008 4444 ‘aaaaaremunerata
1023 4283 1351 4438 auulsas
1364 4278 1510 4439 Ψ·

176 4464 197 4504 „
216 4422 283 4503 (d)
301 4426 773 4585 De,f,i,{{{¹,lsi:‘i³3},1⁰jif⁰d²⁸n
791 4432 823 4499 in
842 4432 935 4493 Utruo
950 4429 1116 4493 illustrata.
1178 4439 1285 4495 crenus
1302 4428 1391 4491 treus
1410 4442 1510 4512 mmo·
