3850 5342
409 458 615 540 Sancrt
642 454 924 539 cinerum
951 476 1017 534 ετ
1043 446 1152 536 Soc.
1181 458 1283 538 Mn.
1394 486 1466 559 223

27 596 33 613 '
81 626 84 632 ·
188 587 330 667 placuerit
357 588 409 665 ipsi
430 587 588 668 Magnisco
606 587 831 661 D.Hitronymo
882 585 942 647 tria
964 584 1139 645 aniversaria
1165 586 1301 647 videlicet
1321 587 1392 665 post-
1401 604 1532 651 mortem

189 684 243 754 pro
263 666 288 726 se
309 665 388 725 disto
401 668 515 724 nomine
530 663 672 731 saciendi3
694 666 831 738 praterea
880 660 1001 738 ptesasii
1017 662 1168 740 Magnifici
1185 667 1221 721 D.
1234 666 1422 740 Hieronymiy
1442 669 1533 740 cujus·

46 792 48 800 s
190 759 221 799 tn
242 761 277 800 ea
297 741 420 805 saciendi
441 761 527 801 unum
555 726 773 801 monurlttntum
790 739 830 813 ste
883 741 974 799 vitam
991 742 1066 797 Deus
1082 756 1218 819 proroget
1234 760 1284 817 per
1297 744 1402 800 multos
1415 762 1534 816 annosr

94 824 100 847 ⁸
212 817 384 878 redisiorum
404 820 592 879 Domioorum
615 806 832 893 Hittbnymiy&
882 815 912 874 in
933 813 980 875 die
1000 813 1040 873 sui
1061 817 1157 874 obitus
1178 836 1265 876 unum
1293 819 1537 879 Anniversarium·

187 834 307 965 loannis
322 897 397 954 Petri
414 895 565 954 Pulverino
578 880 833 970 suprascriptollim
882 909 946 951 cum
974 890 1023 949 sua
1044 892 1127 951 Missa
1148 898 1330 953 Mortuerum
1350 895 1538 954 decantatae

187 984 225 1028 ac
246 970 387 1029 l’ulverini
407 974 515 1031 Fratris
546 971 629 1047 ipsius
650 976 698 1029 Ser
717 970 833 1043 Joannit
882 973 959 1028 Item
980 966 1074 1026 facere
1101 988 1188 1028 unum
1210 969 1440 1031 Anniuersarium
1461 970 1535 1048 post:

27 1062 35 1099 s
185 1047 267 1104 Petri
289 1047 346 1122 jam
366 1046 490 1107 desunsli
510 1048 646 1106 heredum
675 1065 708 1105 ac
729 1043 833 1107 succes.
880 1059 1008 1104 mortem
1028 1042 1255 1118 supranominati
1275 1053 1323 1106 Ser
1342 1050 1458 1119 Joannis
1473 1053 1523 1106 Pe·

120 1130 134 1167 ⁴
180 1117 281 1193 ⁸sorum
303 1123 455 1197 cujuslibet
475 1143 572 1185 eorum
601 1121 770 1199 apponendo
791 1120 834 1181 su·
883 1123 923 1181 tri
951 1119 1105 1179 Pulverino
1132 1124 1160 1179 in
1181 1122 1228 1181 die
1248 1121 1288 1180 sui
1307 1124 1403 1182 obitus
1422 1122 1525 1183 simili·

60 1216 101 1268 atr
150 1198 372 1409 ⁴fflgdislum
407 1217 623 1261 monumentum
662 1198 710 1258 sua
737 1201 832 1275 epita·
883 1212 930 1257 ter
950 1214 1016 1256 cum
1036 1196 1085 1257 sua
1104 1197 1189 1258 Missa
1209 1203 1393 1258 Mortuorum
1420 1200 1538 1260 decana

73 1280 132 1349 ’Ἢ
277 1274 370 1336 &inst
392 1279 440 1336 nia
460 1277 542 1354 supra
557 1277 634 1335 dicia
654 1273 775 1350 Capella
790 1278 833 1351 ip-
882 1290 970 1332 teta:
999 1276 1072 1332 Item
1095 1293 1181 1333 unum
1202 1277 1434 1336 Annivetsarium
1460 1294 1528 1336 cum

48 1335 149 1423 *fij
229 1294 547 1429 smtgnidcieuomini
572 1352 740 1426 Hieronymi
761 1356 832 1411 Lau·
882 1349 958 1409 dista
992 1349 1077 1408 Missa
1103 1355 1287 1411 Mortuerum
1312 1352 1471 1413 decantata
1497 1354 1528 1411 in

37 1424 39 1437 '
114 1430 130 1439 ‘'
186 1424 316 1498 tedano,
337 1429 362 1485 ἃ
384 1431 483 1489 omnia
501 1428 562 1487 alia
580 1428 703 1505 denique
722 1426 831 1486 sacien-
881 1424 930 1485 die
951 1424 1047 1484 obitus
1067 1425 1248 1504 suprascripti
1268 1434 1379 1506 quset
1400 1427 1527 1488 Pulueri-

185 1500 217 1559 di
239 1505 267 1561 in
289 1502 365 1563 dina
385 1504 505 1581 Capella
520 1524 573 1580 pro
592 1504 652 1578 ejus
671 1518 777 1565 ornatu
797 1521 833 1563 ac
883 1506 914 1561 ni
936 1499 993 1575 iam
1014 1502 1172 1577 Desundii,
1199 1504 1335 1582 utsupra
1362 1503 1536 1583 incipiendo

184 1576 248 1637 visu
276 1579 403 1653 ipsorum
437 1583 627 1643 Dominarum
662 1583 832 1655 Hieronymi
882 1578 978 1639 facere
999 1577 1111 1653 presens
1131 1581 1355 1641 anniversarium
1386 1601 1439 1658 pro
1460 1584 1538 1641 nou·

184 1657 359 1721 Lauredano
382 1700 392 1729 ‚
418 1656 581 1730 &Joannis
601 1658 678 1717 Petri
705 1656 832 1721 Pulveri·
882 1674 930 1717 ma
950 1654 1035 1725 ipsius
1055 1676 1105 1731 qu.
1124 1660 1173 1716 Set
1194 1656 1337 1717 Puluerini
1365 1677 1430 1717 cum
1450 1655 1535 1720 dieta

181 1747 226 1788 no
253 1730 280 1788 dr
300 1731 436 1792 heredum
462 1735 487 1791 ἃ
509 1732 693 1793 successorum
713 1731 828 1792 suorum
875 1730 931 1791 sua
950 1731 1036 1790 Missa
1057 1736 1242 1791 Mortuorum
1261 1732 1419 1794 decantata
1432 1736 1462 1792 in
1478 1734 1526 1795 die

183 1823 248 1883 quac
272 1804 324 1865 fibi
346 1808 444 1869 sacete·
462 1807 603 1886 placuerit
623 1811 755 1870 omnibus
777 1811 831 1869 im·
882 1806 1019 1887 vigesimo
1044 1805 1167 1867 secundo
1200 1811 1367 1869 Decembris
1394 1813 1525 1884 proxime

182 1881 278 1959 pensis
299 1882 422 1959 ipsorum
449 1889 640 1946 Domioorum
661 1888 831 1963 Hieronymi
881 1884 1090 1944 venturi&ab
1105 1885 1213 1945 indein
1228 1899 1316 1947 antea
1334 1885 1466 1946 sucesstve
1487 1885 1524 1946 de

182 1958 356 2019 lauredano
370 1962 396 2020 u
409 1965 525 2035 Joannis
539 1966 615 2022 Petri
630 1962 782 2022 Pulverino
795 1982 831 2022 ac
881 1980 959 2022 anno
979 1962 1010 2020 in
1030 1980 1137 2022 annum
1163 1965 1364 2041 inperpetuum
1392 1965 1421 2021 in
1443 1964 1524 2021 omni

184 2032 335 2095 laboribus
355 2039 381 2096 u
405 2039 547 2109 adomne
567 2060 668 2100 eorum
689 2041 829 2109 libitum3
880 2042 909 2098 vi
930 2038 1019 2099 elimo
1039 2038 1162 2100 secundo
1174 2041 1221 2100 die
1241 2039 1408 2101 Decembris
1422 2041 1451 2098 in
1466 2056 1524 2116 quo

182 2107 211 2169 dt
232 2111 289 2171 hoc
303 2116 373 2191 quia
391 2113 482 2177 ditius
497 2116 670 2198 Magnificus
690 2119 830 2177 Dominus
878 2059 970 2175 (lilius
996 2136 1045 2194 qu.
1071 2120 1121 2177 Ser
1147 2115 1314 2177 Pulverinus
1340 2116 1418 2176 diem
1444 2115 1525 2175 suum

179 2188 377 2265 Hieronymus
396 2193 566 2253 Lauredtno
590 2214 640 2270 pet
660 2192 687 2252 se
706 2195 734 2252 u
751 2193 830 2252 dieto
879 2191 983 2254 clausit
1010 2208 1170 2254 extremum
1197 2199 1277 2254 omni
1304 2193 1416 2271 prorsus
1442 2210 1524 2252 exce·

179 2267 301 2325 nomine
322 2286 375 2342 pro
393 2268 549 2330 elemosina
567 2269 691 2329 scribere
711 2270 737 2328 u
758 2289 829 2328 con·
878 2271 979 2347 ptione
1001 2285 1135 2346 remota.
1155 2275 1235 2333 Dans
1255 2272 1281 2331 de
1302 2271 1461 2331 concedens
1482 2268 1525 2329 di·
1600 2300 1605 2306 ·

177 2338 295 2418 fignare
316 2346 505 2419 promittit&
525 2348 553 2406 se
567 2346 679 2423 obligat
699 2343 751 2422 ipsi
771 2349 828 2406 Ca·
879 2346 955 2405 sium
976 2351 1017 2407 Ca
1040 2346 1144 2407 itulum
1165 2346 1217 2424 ipss
1238 2351 1365 2407 Domino
1381 2351 1538 2421 Hierony·

102 2484 105 2489 r
177 2416 280 2491 pitulo
293 2424 319 2478 S.
333 2424 472 2482 Canciani
488 2438 604 2483 tantum
617 2421 759 2500 Capitalis
777 2436 828 2481 aut
878 2441 928 2482 mo
942 2442 995 2498 pro
1015 2366 1173 2482 ludim
1188 2427 1304 2484 nomine
1324 2421 1522 2484 omnimodam

177 2495 290 2552 montis
319 2499 449 2572 veteris,
476 2517 527 2559 aut
547 2501 657 2559 montis
683 2497 826 2558 novissimi
877 2499 1081 2561 audioritatem
1102 2501 1130 2558 ἃ
1149 2499 1322 2562 facultatem
1344 2500 1455 2578 presens
1475 2503 1523 2559 In-

176 2583 236 2642 pro
257 2584 290 2628 ut
311 2572 361 2646 ipsi
380 2574 518 2647 capitulo
548 2579 640 2654 magis
666 2573 827 2651 placuerit,
877 2576 1066 2637 slrumentum
1086 2578 1300 2637 cumomnibus
1319 2573 1522 2656 &singulisin

176 2641 208 2700 dt
230 2641 269 2702 ad
288 2665 373 2705 omne
400 2648 485 2725 ipsius
504 2654 547 2709 Ca
568 2651 638 2715 ituli'
663 2649 778 2713 libitum
799 2654 827 2710 dt
877 2670 913 2712 co
926 2656 1105 2724 'contentis‚
1129 2654 1330 2713 &annotatis
1351 2652 1522 2714 corrobora·

175 2715 367 2781 voluntatem
380 2739 521 2801 quantum
546 2728 587 2786 rbi
608 2725 709 2786 reddat
731 2729 760 2785 in
777 2747 827 2787 an·
878 2728 927 2800 ri,
952 2728 980 2785 dr
1000 2727 1166 2787 confirmari
1187 2728 1282 2789 sacere
1303 2748 1369 2789 cum
1389 2728 1523 2789 omnibus

111 2823 114 2827 ¹
174 2812 221 2854 no
241 2796 270 2855 c
290 2798 320 2857 in
348 2803 464 2862 ratione
487 2806 557 2864 anni
576 2803 611 2863 de
632 2803 720 2880 prode
739 2803 834 2864 ductu·
877 2801 1108 2864 solemnitatibus
1128 2807 1156 2862 in
1179 2803 1317 2865 similibus
1337 2804 1525 2867 consuetis&

176 2883 228 2931 tos
250 2886 310 2933 tres
328 2880 426 2948 auri;
474 2879 532 2941 uod
556 2878 672 2958 quidem
692 2880 827 2956 Capitale
878 2879 1040 2941 necessariis
1062 2881 1254 2954 persanslam
1268 2880 1521 2956 Apostolicaane·

173 2948 324 3023 pretaetus
357 2901 530 3035 Magnlbcus
564 2962 602 3016 D.
635 2958 827 3031 Hieronymus
878 2954 968 3027 dem,
988 2956 1016 3013 dr
1036 2955 1249 3031 hocquando,
1269 2956 1296 3015 st
1316 2960 1449 3032 quotiens
1469 2958 1521 3019 ist

201 3044 235 3082 ro
254 3025 281 3085 se
298 3027 324 3085 u
339 3026 416 3089 dislo
437 3034 553 3093 nomine
573 3034 603 3090 in
624 3029 688 3090 casu
702 3032 781 3110 quod
795 3034 826 3090 in
878 3033 1006 3089 Domino
1026 3033 1205 3106 Hieronymo
1224 3032 1392 3104 videbitur,
1412 3033 1439 3089 dr
1460 2978 1524 3109 pla·

173 3042 312 3188 futurum
333 3103 451 3183 aliquod
471 3107 695 3183 impedimenti,
722 3122 773 3166 aut
794 3106 827 3167 fi·
878 3109 994 3171 cuerit:
1043 3104 1098 3166 uod
1117 3107 1233 3184 quidem
1252 3108 1476 3168 Instrumentum
1496 3110 1525 3169 dr

173 3175 264 3235 orsiti
284 3177 366 3254 super
385 3200 421 3240 eo
434 3185 579 3244 accideret
597 3201 655 3241 non
676 3196 828 3257 teneatur,
877 3128 1129 3260 omnianllngula
1142 3183 1333 3259 suprascripta
1346 3200 1441 3260 partes
1456 3205 1524 3262 prae«

173 3268 236 3313 nec
257 3251 402 3344 obligatus
422 3257 457 3319 sit
477 3258 670 3332 conservare,
690 3260 717 3317 ἃ
739 3278 827 3318 manu
878 3256 958 3318 disic
979 3259 1142 3321 nominibus
1161 3260 1357 3338 suprascriptis
1372 3261 1525 3336 perthe-
1640 3284 1645 3291 ’

176 3340 285 3389 tenete
306 3329 429 3394 liberum
443 3336 470 3394 dr
484 3335 662 3412 expedisium
676 3333 726 3412 ips
741 3339 783 3394 Ca
806 3338 827 3393 i·
878 3335 959 3394 redes
974 3332 999 3395 t
1014 3336 1180 3399 successores
1193 3337 1253 3397 suos
1268 3338 1469 3414 promisserunt
1482 3353 1527 3399 at·

174 3400 267 3476 tulo,
286 3404 376 3495 sedfit
391 3408 481 3471 &esse
494 3411 598 3472 debeat
612 3413 763 3472 cumomni
778 3356 827 3470 llo
880 3410 1016 3486 tendere,
1037 3413 1064 3472 ἃ
1084 3414 1235 3475 obseruare
1256 3415 1282 3473 u
1303 3434 1359 3473 non
1375 3415 1525 3475 contrasa·

173 3478 273 3555 prode
294 3483 379 3558 rpstut
395 3489 525 3564 Capituli
539 3507 604 3547 cum
617 3491 695 3548 omni
710 3488 759 3546 suo
779 3487 828 3548 be·
879 3506 944 3561 cere
966 3489 1012 3547 rel
1027 3492 1126 3550 venire
1140 3511 1192 3567 pet
1212 3491 1239 3549 se
1253 3488 1299 3548 vel
1320 3489 1409 3549 alium
1424 3489 1526 3568 aliqua

174 3553 301 3693 ζιῃεοῆυοῶῗ)
310 3576 362 3695 autt
380 3562 526 3653 maleficio
543 3563 596 3625 fibi
609 3563 828 3642 quomodolibet
878 3566 993 3697 {atione
1010 3565 1130 3700 {¹33⁰st
1144 3567 1193 3656 sub
1206 3565 1523 3702 ρῑῦἰὶεεῦἰοηεοηιηίιιηι
1604 3622 1608 3627 .

302 3656 418 3698 enrrm
457 3662 471 3699 r
509 3655 590 3700 tuum
628 3655 827 3700 verumtmn
891 3659 993 3699 uorum
1033 3661 1080 3700 rr
1185 3663 1224 3700 rr
1266 3661 1279 3700 s
1357 3659 1376 3700 ο
1511 3670 1525 3689 ·

174 3705 239 3782 ipse
268 3648 455 3801 magnifieri?
468 3660 608 3777 boninus
636 3660 828 3793 Hieronbmbs
879 3715 1019 3789 sentium,
1039 3662 1268 3779 &luldtnbrbmll
1319 3661 1357 3702 on
1378 3661 1440 3702 rum
1455 3661 1510 3719 pm

112 3794 115 3799 '
173 3799 332 3858 promittit
353 3792 382 3848 in
404 3795 467 3852 vita
486 3792 534 3853 sua
563 3793 658 3852 sacere
678 3793 704 3851 dr
726 3794 829 3853 taliter
917 3793 1019 3852 Atium
1041 3795 1164 3854 Venetia
1192 3798 1221 3855 in
1242 3797 1374 3859 Sacrisiia
1392 3795 1526 3857 Ecclefic

173 3865 415 4001 gapzrssziiqauod
441 3867 530 3957 ipsum
539 3870 719 4004 tespistollrym
726 3870 828 4004 1grabe-
878 3870 972 4005 {agisti
1003 3872 1145 4008 Οῧηοὶἶᾳί
1172 3871 1528 4010 vruggttastprssslentibus
1561 3854 1596 3911 s

367 3962 425 4002 nno
452 3962 597 4004 viventi
629 3966 648 4002 o
696 3988 704 4004 .
756 3964 828 4005 tero-
926 3964 1006 4005 mrno
1048 3967 1097 4007 ras
1119 3962 1194 4009 rtero
1284 3966 1350 4010 tra
1399 3970 1452 4009 rro
1497 3967 1527 4007 u:

175 4027 272 4086 nymo
299 4016 389 4078 dillos
416 4024 546 4080 Ducatos
573 3965 631 4080 tels
656 4023 720 4081 auri
745 4023 827 4081 omni
877 4022 994 4082 Andrea
1020 4022 1056 4083 de
1088 4025 1245 4086 Gambonis
1264 3970 1532 4086 brunnonanoqsn'

176 4087 298 4179 prorsus
325 4094 473 4156 obstaculo
494 4095 755 4158 &contraditione
783 4118 826 4173 ref
878 4100 954 4159 dista
974 4098 1118 4174 Ecclefia,
1137 4103 1164 4162 ds
1184 4108 1233 4162 Ser
1252 4103 1415 4163 Sebastiano
1435 4121 1464 4179 qt
1478 4105 1535 4160 See

174 4180 295 4239 motis,
314 4168 542 4251 obligationibus
563 4188 658 4233 tamen
680 4175 706 4233 u
726 4174 825 4235 condi·
874 4182 917 4248 Jo:
939 4176 1015 4234 Petri
1042 4176 1077 4236 de
1098 4177 1245 4237 Inonellis
1273 4179 1458 4239 Aromatario
1486 4179 1523 4236 de

62 4320 66 4325 x
175 4240 310 4302 tionibus
330 4247 671 4325 instascriptisvidelicet
689 4250 822 4327 quoddi·
871 4255 1016 4312 Contrata
1035 4254 1140 4317 saneta
1161 4257 1268 4325 Marici
1287 4259 1376 4314 Novae
1403 4250 1530 4314 testibus·

178 4316 262 4375 Hum
280 4323 448 4397 Capitulum
462 4345 496 4386 ex
517 4323 635 4385 adverso
649 4328 821 4385 teneatur&
882 4330 994 4388 vocatis
1015 4328 1042 4386 dt
1064 4349 1096 4387 ro
1112 4330 1174 4389 'atis
1195 4331 1249 4389 dec.

176 4390 346 4486 obligatum
362 4400 441 4465 sitin
459 4416 631 4479 perpetuum
650 4402 831 4480 singulisan·
900 4404 992 4465 Locus
1005 4400 1079 4483 figni
1124 4404 1221 4464 orarii.
1259 4409 1321 4484 Ego
1339 4401 1443 4464 Daniel
1465 4409 1526 4478 lor:

181 4482 232 4529 ms
252 4471 522 4618 lldffllswlefia
534 4483 561 4549 s.
575 4478 717 4566 §unciani
736 4478 831 4545 secere
881 4478 989 4557 danus,
1008 4498 1058 4563 qu.
1077 4485 1116 4550 D,
1136 4481 1258 4619 Viugrfie
1278 4479 1523 4616 Publicusullnrpe-

252 4615 255 4620 ,
285 4569 343 4612 omo
391 4594 401 4618 .
903 4615 910 4623 ,
1396 4574 1479 4637 ruat,
